3100 4942
712 558 784 635 105

254 786 529 864 comportassent,
554 778 687 863 prolatis
708 779 743 842 in
761 796 965 870 unoquoque
983 780 1141 866 scriptore
1159 801 1230 848 mm

252 888 373 951 nilestis
392 879 520 951 indiciis
547 893 579 945 et
608 884 810 952 documentis
836 907 912 951 cum
940 888 1113 975 philologis
1140 909 1231 953 eom·

252 998 430 1061 manicare.
464 991 591 1057 Habent
613 1014 672 1057 sua
699 994 765 1057 lata
794 994 905 1057 libelli.
941 996 1061 1061 Eorum
1089 998 1229 1083 scripto·

251 1126 324 1169 rum
347 1103 405 1189 qui
431 1110 569 1166 aetatem
593 1103 735 1166 tulerunt
765 1104 820 1165 alii
849 1103 964 1189 integri
992 1114 1024 1168 et
1052 1105 1232 1171 incolumes

249 1211 283 1275 in
304 1209 434 1275 vetustis
453 1208 622 1278 codicibus
639 1207 733 1271 nohis
754 1210 869 1274 servati
886 1220 977 1273 sunt:
1003 1212 1056 1278 alii
1074 1234 1113 1277 ex
1129 1216 1228 1301 pessi.

249 1318 308 1381 mis
333 1338 374 1381 ao
403 1318 624 1385 recentissimis
652 1316 850 1403 apographis
879 1319 967 1404 aegri
993 1340 1034 1383 ac
1060 1323 1165 1387 mutili
1194 1323 1230 1389 in

248 1447 362 1491 manus
388 1436 512 1492 nostras
542 1435 709 1493 venerunt.
747 1426 900 1489 Nonnulli
930 1428 963 1491 in
995 1450 1061 1491 uno
1092 1432 1230 1516 antiquo
1266 1408 1269 1413 ¹

249 1533 332 1597 libro
365 1554 568 1599 communem
599 1541 737 1617 stragem
767 1543 954 1596 evaserunt:
986 1536 1045 1619 qui
1067 1538 1150 1601 liber
1169 1538 1230 1602 ubi

248 1640 344 1703 semel
364 1641 398 1704 in
420 1639 546 1705 ltaliam
569 1641 714 1723 pervenit
744 1642 904 1703 renovatis
928 1642 1092 1707 literarum
1116 1646 1230 1710 studiis

224 1808 227 1815 ,
246 1770 397 1835 magnam
412 1745 679 1833 apographorum
698 1747 914 1831 frequentiam
935 1754 1062 1834 genuit,
1085 1774 1229 1836 quorum

246 1858 337 1921 nulla
366 1866 412 1919 est
441 1854 591 1920 habenda
623 1854 705 1925 ratio
735 1853 842 1918 donec
872 1859 1053 1923 communis
1082 1864 1230 1928 omnium

247 1966 320 2031 lons
337 1966 509 2051 supererit,
533 1965 620 2029 unde
640 1985 735 2031 omne
758 1978 884 2031 certum
904 1966 1051 2033 lectionis
1070 1980 1101 2033 et
1118 1992 1230 2038 emen·

247 2074 386 2139 dationis
399 2072 648 2138 fundamentum
668 2082 713 2135 est
730 2072 920 2157 petendum.
954 2074 1038 2148 Satis
1055 2079 1137 2155 mihi
1154 2101 1230 2147 con·

248 2192 310 2251 stat
337 2182 487 2267 Aeschyli
509 2192 541 2247 et
570 2181 743 2267 Sophoclis
766 2182 915 2259 fabulas,
939 2205 1022 2266 «quas
1051 2186 1224 2267 habemus,

248 2290 282 2353 in
304 2280 403 2353 unico
426 2289 558 2364 codice,
590 2290 648 2374 qui
680 2308 770 2351 uunc
800 2290 831 2351 in
861 2290 1077 2355 Laurentiana
1103 2295 1228 2361 Biblio-

248 2397 344 2461 theca
356 2407 519 2473 servatum·
539 2396 581 2461 ad
596 2416 656 2465 nos
667 2396 862 2480 pervenisse:
883 2416 921 2458 er
936 2417 1004 2481 quo
1017 2401 1229 2467 vetustissimo

248 2504 347 2583 libro,
367 2505 496 2581 decimo
516 2504 582 2567 sere
601 2514 675 2589 post
691 2502 853 2565 Christum
864 2505 996 2565 saeculo
1007 2507 1228 2589 pulcherrime

248 2613 282 2677 in
310 2612 503 2677 membranis
531 2612 669 2698 scripto,
705 2611 861 2697 profluxit
884 2610 1050 2696 quidquid
1072 2616 1227 2679 codicum

248 2720 337 2785 MSS.
364 2718 486 2805 ubique
507 2720 686 2793 invenitur,
713 2716 800 2779 unde
823 2738 941 2803 magno
967 2718 1078 2782 labore
1099 2732 1130 2783 et
1152 2722 1226 2785 dili·

249 2828 355 2915 gentia
379 2846 511 2892 acervos
536 2827 696 2890 variarum
719 2825 896 2888 lectionum
919 2828 1128 2894 cumularunt
1147 2832 1227 2894 utri·

247 2956 352 3021 usquc
378 2936 496 2997 Poetae
528 2932 676 2996 editores.
712 2930 841 2993 Frustra
869 2932 969 3015 igitur
997 2934 1032 2997 in
1057 2938 1226 3002 manifesta

248 3044 432 3128 corruptela
460 3044 581 3105 miram
605 3060 810 3125 enprorsus
839 3040 1050 3125 singularem
1077 3049 1227 3112 omnz'um

228 3152 397 3240 'victarum
410 3150 681 3214 membranarum
697 3148 985 3230 conspirationem
1003 3149 1057 3211 alii
1075 3160 1221 3236 stupent,

250 3260 304 3325 alii
323 3268 522 3323 antestantur
537 3268 568 3320 et
585 3254 756 3319 emendare
773 3254 955 3318 volentibus
969 3256 1141 3322 obiiciunt.
1163 3260 1220 3338 At,

247 3368 362 3435 dixerit
382 3366 516 3450 aliquis,
549 3365 635 3430 uude
659 3363 758 3449 igitur
785 3370 874 3426 tanta
898 3353 1225 3449 scripturae'discre·

247 3476 383 3565 paulin?
414 3475 539 3557 Nempe
563 3480 639 3534 nata
667 3468 772 3540 estiis
800 3467 921 3545 modis,
952 3491 1039 3555 quos
1066 3471 1222 3553 dixirriur,

249 3609 288 3656 ex
312 3583 562 3652 describentium
591 3578 738 3656 socordia
764 3580 815 3642 vel
838 3590 1060 3645 comestorum
1080 3582 1224 3669 interpo-

249 3696 381 3763 latione.
413 3692 493 3758 Nam
513 3708 598 3775 quae
617 3688 701 3751 ratio
720 3696 785 3763 est,
806 3707 945 3771 quaeso,
965 3688 1099 3753 istarum
1116 3691 1227 3767 lectio

250 3824 346 3877 num,
368 3820 486 3887 quaee
505 3796 634 3865 diversis
646 3794 845 3881 apographis
865 3794 1009 3859 diversae
1023 3796 1228 3865 afferuntur?

250 3912 424 3995 Pleraeque
446 3906 570 3973 incuria
594 3903 678 3967 ludit
700 3913 731 3965 et
752 3902 879 4000 inscitia
901 3904 953 3967 vel
981 3916 1096 3991 stupor
1122 3929 1227 3993 paene

249 4016 445 4089 incredibilis
466 4034 596 4093 eorum,
621 4012 679 4097 qui
706 4032 793 4097 quae
817 4032 884 4077 non
908 4011 1130 4101 intelligebant
1149 4038 1225 4083 cum
