3100 4942
767 489 783 528 o

774 543 800 613 ⁶2

312 752 488 856 republica
518 758 610 828 etin
636 758 859 830 severioribus
884 759 1071 854 disciplinis
1099 763 1268 858 principes

313 889 423 950 essent
447 877 512 948 hac
534 901 673 972 quoque
694 878 867 949 literarum
892 880 992 951 laude
1021 883 1164 977 spectari
1192 882 1265 952 vela

314 998 401 1088 lent,
431 1022 523 1068 nunc
547 998 640 1094 apud
669 999 794 1070 horum
814 1000 995 1096 plerosque
1019 1003 1126 1074 iucem
1147 1026 1269 1098 coepe·

313 1121 381 1188 rint
400 1141 439 1188 ac
453 1140 562 1213 prope
576 1118 716 1189 dixerim
735 1124 915 1192 contemni.
947 1124 1145 1217 Saepissime
1158 1146 1267 1216 quum

262 1231 264 1236 ’
314 1263 452 1333 peregre
464 1236 613 1307 abessem
626 1260 706 1306 cum
722 1238 863 1308 eruditis
873 1239 964 1310 Italis
974 1242 1026 1312 vel
1040 1242 1113 1311 aliis
1125 1241 1266 1335 quibus·

313 1361 407 1446 dam,
430 1379 517 1451 quos
537 1355 685 1427 discendi
702 1382 797 1429 amor
808 1368 868 1430 aut
882 1361 1016 1432 fortuna
1030 1362 1148 1433 eodem
1163 1360 1268 1432 addu-

313 1486 423 1566 xerat,
435 1476 477 1548 de
491 1475 679 1546 studiorum
691 1479 819 1548 ratione
832 1501 1001 1550 sermones
1011 1479 1185 1550 conferens
1197 1502 1267 1548 non

314 1600 385 1668 sine
403 1619 555 1666 moerore
575 1605 609 1666 et
634 1595 862 1688 indignatione
883 1600 968 1669 sensi
993 1624 1096 1693 quam
1117 1601 1184 1670 alte
1203 1600 1264 1669 ista

314 1716 408 1786 labes
441 1715 569 1784 animos
608 1715 797 1786 multorum
835 1718 1004 1789 insederit.
1052 1720 1141 1790 Non
1159 1733 1268 1813 aeque

304 1835 465 1906 ‚omnium
496 1858 551 1904 me
578 1833 734 1904 movebat
763 1839 957 1909 auctoritas.
1006 1839 1195 1910 Multorum
1222 1840 1268 1911 le·

312 1945 449 2026 vitatem
476 1951 525 2022 nil
556 1961 689 2047 praeter
722 1977 784 2024 sua
810 1955 1047 2027 admirantium
1075 1956 1171 2028 lacile
1197 1967 1270 2030 erat

313 2084 538 2148 contemnere.
586 2072 688 2143 Erant
713 2077 773 2168 qui
797 2077 928 2147 nullius
952 2076 1150 2171 disciplinae
1174 2077 1269 2170 gnari

312 2185 347 2269 et
378 2195 421 2266 de
450 2191 609 2264 omnibus
633 2200 745 2264 tamen
770 2196 917 2266 suaviter
946 2195 989 2264 ad
1015 2195 1188 2288 imperitos
1212 2218 1270 2265 au·

313 2319 438 2389 ditores
458 2314 620 2384 disserere
646 2313 735 2384 soliti
756 2315 902 2386 eundem
925 2312 1139 2387 morem'alio
1163 2323 1271 2386 trans·
1338 2400 1340 2403 ¹

313 2433 440 2510 ferrent
464 2446 499 2508 et
523 2457 611 2529 quae
632 2433 696 2528 ipsi
717 2436 901 2526 nescirent,
922 2437 966 2507 ab
986 2438 1060 2506 aliis
1072 2436 1149 2505 sciri
1173 2460 1272 2532 posse

310 2566 371 2627 aut
403 2555 486 2625 disci
524 2551 646 2624 debere
678 2563 849 2648 negarent.
898 2556 964 2626 Sed
993 2566 1190 2651 supererant
1216 2555 1272 2625 alii

315 2677 405 2748 acuti
442 2695 521 2743 sane
557 2671 710 2741 homiues
744 2680 779 2742 et
807 2673 991 2764 ingeniosi,
1024 2670 1143 2766 quales
1175 2670 1272 2740 ltalia

315 2776 530 2890 quamquam*
545 2791 631 2867 tristi
659 2789 739 2861 olim
763 2794 923 2864 servitute
943 2815 1103 2889 oppressa
1123 2799 1157 2861 et
1177 2788 1272 2883 quod

314 2917 414 2986 etiam
439 2912 535 3006 peius
557 2919 608 2980 est
637 2911 730 3002 gravi
753 2919 890 2981 veterno
916 2921 1056 3008 torpens
1076 2908 1271 3005 complures

315 3031 467 3129 proferre
493 3052 561 3099 non
586 3027 701 3118 desiit,
727 3032 787 3123 qui
812 3033 934 3100 avitam
961 3032 1089 3127 patriae
1111 3028 1270 3122 gloriam,

315 3154 490 3223 literarum
515 3150 731 3243 antiquarum
758 3151 888 3241 studia,
917 3152 1164 3246 vilipenderent
1188 3156 1272 3217 tam·

318 3295 420 3368 quam
443 3293 514 3340 rem
542 3269 707 3338 minutam
732 3278 766 3338 et
788 3271 925 3361 exilem,
950 3295 1013 3341 nec
1035 3271 1115 3340 satis
1136 3267 1273 3362 dignam

318 3413 530 3466 summorum
551 3390 701 3460 virorum
718 3415 879 3486 persona,
897 3416 916 3461 a
938 3391 1065 3486 quibus
1081 3414 1141 3460 sua
1159 3391 1276 3460 cuius·

319 3535 388 3608 que
418 3508 526 3602 patria
552 3509 712 3578 maiorem
741 3509 984 3581 humanitatem
1014 3511 1275 3604 felicitatemque

320 3635 440 3704 merito
452 3635 669 3722 exspectaret.
694 3626 906 3722 Elegantium
920 3629 1097 3699 hominum
1110 3653 1149 3699 ea
1166 3628 1277 3700 studia

321 3731 521 3822 dictitabant
538 3768 626 3836 esse,
646 3747 714 3816 otio
727 3747 954 3818 affluentium:
971 3748 1073 3818 vitam
1093 3749 1277 3820 humanam

322 3895 417 3943 nunc
442 3867 594 3963 graviora
619 3865 792 3958 postulare
819 3891 859 3937 ac
883 3869 1064 3938 severiora:
1089 3867 1278 3964 optandum

322 4016 393 4064 esse
423 3988 510 4060 illud
543 3984 697 4079 quidem,
733 3993 772 4056 ut
802 3988 862 4082 qui
893 3987 928 4058 in
957 3987 1142 4059 maioribus
1167 3987 1278 4060 excel·
