3100 4942
233 837 289 894 tor
305 824 447 892 debebat
462 824 571 888 dicere
586 832 618 887 et
634 822 726 888 dixit.
757 820 906 889 Βουλεὺειν
921 817 985 913 περὶ
1000 819 1082 907 ἡμῶν
1098 814 1212 903 p.188

239 936 330 1025 (460.
354 934 408 1020 Β.)
428 933 509 1018 quid
530 934 568 997 sit
588 932 797 998 Athenienses
815 931 976 1005 nesciunt,
1002 928 1122 1015 quibus
1138 924 1211 1017 ὑπὲρ

237 1048 320 1131 ἡμῶν
343 1042 484 1107 solemne
513 1050 558 1103 est
579 1040 698 1104 dicere.
733 1039 848 1125 Neque
869 1041 960 1130 φέρων
982 1038 1091 1130 εἰρήνην
1113 1037 1210 1101 τοιού·

241 1178 293 1231 την
300 1206 314 1241 ,
335 1153 369 1223 ἣν
394 1151 476 1237 ἡμεῖς
498 1154 573 1241 ἔργῳ
598 1151 733 1238 μαθόντες
752 1151 878 1237 ἔγνωμεν
903 1172 937 1233 p.
964 1147 1020 1211 131
1043 1145 1135 1231 (316.
1154 1145 1208 1231 Β.)

238 1261 295 1325 sed
322 1265 383 1324 οἵαν
409 1255 583 1333 dicebant,
611 1278 719 1344 neque
743 1256 923 1345 ἐνειμάσθην
944 1251 981 1319 δὲ
1001 1254 1044 1320 τὼ
1067 1254 1122 1320 υἱέε
1141 1250 1210 1320 οὐδὲ

238 1367 314 1435 δέκα
340 1366 476 1433 τάλαντα
504 1364 632 1459 ἑκατέρῳ
657 1366 848 1440 ἀποθανόντος
878 1387 912 1449 p.
944 1362 1005 1426 156
1035 1362 1124 1448 (381.
1153 1362 1206 1449 Β.)

238 1476 295 1541 scd
314 1476 473 1565 ἑκάτερος,
495 1492 556 1537 nec
579 1474 717 1565 Στεφάνῳ
739 1472 773 1539 et
796 1481 839 1561 τῷ
862 1470 984 1539 Θαλλοῦ
1007 1468 1119 1559 ἐλέγετο
1141 1469 1210 1534 εἷνοιι

239 1584 325 1652 πλέον
346 1586 365 1655 ἢ
388 1586 565 1651 πεντήκοντα
584 1579 737 1647 ταλάντων
753 1579 833 1642 ibid.
857 1578 915 1641 sed
933 1579 1080 1646 τάλαντα.
1112 1580 1213 1642 Num·

235 1715 336 1781 quam
359 1693 433 1780 quis
453 1688 486 1768 ἐξ
509 1690 606 1757 αὐτῶν
627 1689 667 1758 ὦν
691 1689 796 1765 ἐκεῖνος
818 1692 960 1779 ἔπραττεν
975 1689 1010 1751 in
1031 1688 1139 1752 Attica
1158 1687 1209 1749 di-

234 1800 329 1863 xisset
354 1820 416 1887 pro
441 1796 474 1877 ἐξ
505 1794 545 1864 ὧν
571 1822 606 1885 p.
631 1797 692 1862 151
723 1795 813 1883 (374.
842 1796 897 1877 Β.)
925 1817 1033 1881 neque
1061 1793 1208 1890 Διόδωρος

237 1904 320 1986 οὗτος
341 1909 513 2000 ἀποτρέπειν
535 1906 669 1996 ἐπειρᾶτο
687 1930 722 1992 p.
743 1908 808 1967 113
828 1904 919 1989 (272.
941 1904 995 1987 Β.)
1014 1926 1075 1991 pro
1093 1906 1207 1995 οὑτοσί,

235 2016 329 2103 quod
342 2016 455 2081 vitium
473 2016 508 2077 in
523 2014 638 2077 nostris
655 2012 744 2075 libris
760 2010 1051 2093 frequentissimum
1071 2024 1131 2092 est,
1152 2017 1209 2080 ubi

235 2143 339 2187 sermo
357 2133 403 2186 est
425 2124 466 2186 de
486 2142 542 2197 eo,
567 2140 666 2206 quem
684 2127 796 2182 orator
812 2118 983 2184 oculisve!
1003 2121 1105 2209 digito
1124 2125 1208 2189 desi·

235 2242 331 2319 gunt,
356 2232 390 2294 in
413 2251 479 2317 qun
497 2225 541 2293 're
567 2228 723 2292 articulus
749 2226 907 2288 omittitur
935 2238 967 2291 et
994 2234 1209 2300 necessarium

236 2352 282 2404 est
304 2337 418 2425 circui,
440 2338 532 2424 quod
552 2337 673 2400 librarii
698 2345 732 2399 ut
754 2335 930 2397 sexcenties
950 2350 1135 2415 servarunt,
1159 2341 1206 2404 sic

234 2448 436 2535 saepiuscule
462 2447 545 2510 mule
572 2446 771 2509 abiecerunt.
805 2443 989 2507 Facillimus
1018 2466 1107 2508 error
1138 2456 1207 2512 erat

234 2556 268 2619 in
285 2555 335 2617 his
356 2553 449 2616 iocis:
473 2577 508 2639 p.
532 2549 593 2615 134
615 2550 703 2635 (326.
725 2550 780 2632 Β.)
800 2546 867 2626 ἐξῆν
888 2548 1045 2643 Ἀγοράτῳ
1062 2555 1154 2643 τούτῳ
1174 2564 1206 2617 et

235 2686 271 2749 p.
292 2664 355 2726 133
378 2661 467 2747 (323.
492 2660 545 2744 Β.)
569 2658 748 2735 ἐπέσκηπτεν
769 2657 833 2747 ἐμοὶ
854 2658 904 2724 καὶ
927 2662 1065 2750 Διονυσίῳ
1089 2662 1204 2753 τούτῳ,

236 2769 293 2835 ubi
316 2770 472 2837 ΤΟΥΤΩΙ
493 2769 665 2856 legendum
687 2779 756 2832 erat
777 2770 904 2855 τουτῳΐ,
927 2771 983 2833 sed
1012 2770 1088 2834 alibi
1109 2773 1206 2835 etium

234 2876 349 2940 ecdem
370 2874 468 2939 modo
490 2884 665 2961 peccatur,
690 2877 788 2939 vetuti
811 2899 845 2961 p.
871 2877 933 2939 133
953 2877 1042 2964 (323.
1062 2879 1115 2966 Β.)
1139 2879 1204 2974 περὶ

236 2982 401 3076 Ἀγοράτου
430 2985 532 3051 τούτου
555 2981 652 3069 ἔλεγεν
672 2987 715 3048 ὅτι
740 2986 827 3059 αἴτιος
851 2982 884 3056 ἦν
904 2991 956 3051 τοῦ
972 2988 1120 3054 θανάτου.
1143 3010 1205 3075 pro

236 3093 353 3161 τουτουέ
374 3096 473 3184 ἔλεγεν
495 3100 539 3161 ὅτι
562 3095 651 3167 αἴτιος
676 3093 758 3184 αὐτῷ
779 3095 842 3161 κτέ.
866 3106 897 3158 et
920 3119 954 3181 p.
974 3092 1018 3159 96
1039 3095 1128 3183 (227.
1151 3098 1206 3182 Β.)

234 3200 373 3291 ἐμποδὼν
392 3202 455 3291 ἐμοὶ
474 3203 623 3291 γεγένηται
640 3200 738 3285 Σίμων
755 3197 839 3279 οὗτος
857 3220 918 3288 pro
936 3200 1038 3267 οὑτοσί
1050 3212 1082 3265 et
1099 3206 1207 3270 multis

233 3311 303 3374 aliis
333 3312 424 3378 locis.
469 3310 589 3373 Contra
620 3306 719 3373 οὑτοσί
745 3329 994 3395 nonnumquam
1024 3313 1133 3398 inepte
1167 3315 1207 3379 de

233 3418 373 3483 absente
390 3419 551 3494 occurrit,
577 3427 612 3481 ut
635 3441 669 3504 p.
693 3418 754 3481 135
778 3418 868 3505 (323.
889 3416 943 3504 Β.)
965 3417 1059 3485 οὑτοσὶ
1075 3415 1122 3488 οὖν
1142 3446 1205 3510 pro

233 3520 327 3601 οὗτος.
361 3526 446 3590 Leve
463 3524 624 3589 videbitur
642 3526 772 3603 vitium,
797 3526 890 3612 quod
907 3527 1025 3592 resedit
1043 3531 1076 3594 in
1093 3554 1128 3618 p.
1144 3532 1205 3597 134

232 3632 325 3718 (326.
352 3633 405 3720 Β.)
439 3635 464 3703 εἰ
489 3633 600 3711 ἐκείνοις
622 3633 742 3701 ἐπείθου
775 3636 825 3702 καὶ
849 3637 998 3712 ἠθέλησας
1023 3650 1054 3704 et
1080 3666 1116 3729 p.
1143 3642 1200 3707 151

236 3742 328 3830 (363.
353 3742 408 3826 Β.)
432 3745 469 3809 ἂν
493 3743 524 3809 δ’
546 3744 607 3835 ἐμοὶ
634 3748 785 3823 πειθησθε
808 3746 861 3813 οὐκ
884 3746 1002 3815 ἐλάττω
1027 3750 1080 3817 ἀπ’
1107 3753 1204 3819 αὐτῶν

233 3850 314 3939 ὑμεῖς
333 3851 560 3945 ὠφεληθήσεσθε
584 3851 709 3938 (melius
730 3854 837 3917 Attice
854 3855 1070 3947 ὠφελήσεσθε),
1097 3870 1205 3925 tumen

232 3985 299 4029 non
321 3965 433 4031 leviter
450 3987 489 4029 eo
510 3974 668 4053 peccatur
690 3967 725 4029 in
745 3968 902 4054 loquendi
923 3989 1128 4055 usum‚=qu0
1151 3988 1203 4031 re-

231 4074 372 4159 quiritur
397 4073 494 4141 ἐπάου
519 4082 550 4137 et
578 4072 705 4145 πιΒησθ.
751 4074 854 4139 Tanta
887 4086 933 4139 est
958 4077 993 4142 in
1019 4076 1070 4140 his
1094 4075 1204 4140 formis
