3100 4942
713 571 760 644 69

246 792 331 884 παρα
356 792 435 860 πολὺ
452 792 591 882 (ἀνέγνων
609 789 684 885 γὰρ)
699 793 872 887 ’Δημητρίου
892 793 1113 882 Σαλαγασσέως
1135 798 1223 890 Παρ-

252 905 359 969 θενιηοί.
385 901 448 967 οὐδ’
471 904 510 979 ὡς
536 903 565 968 ἐν
586 905 689 993 γέλωτι
712 907 895 977 ποιήσασθαι
917 905 967 970 καί
988 904 1151 992 ἐπισκῶψαι
1173 909 1227 983 τὰς

251 1012 361 1102 ἱςορίας
393 1014 466 1076 οὕτω
503 1013 597 1088 καλας
633 1017 719 1090 οὔσας
755 1014 836 1082 ἀλλὰ
870 1021 919 1079 τοῦ
956 1014 1100 1106 χρησίμου
1132 1020 1226 1080 ἕνεκα.

249 1121 311 1184 Vix
334 1121 447 1183 credas
466 1121 546 1184 haec
570 1125 613 1186 ita
633 1124 676 1185 ad
699 1124 787 1186 hunc
809 1123 894 1186 diem
916 1125 983 1186 sinc
1004 1123 1070 1185 ullu
1092 1123 1230 1186 lacunae

250 1230 431 1314 suspicione
446 1228 524 1314 legi,
546 1230 657 1292 saltem
678 1230 747 1305 edi,
777 1230 929 1314 potuisse.
954 1229 1092 1292 Acutius
1114 1231 1227 1292 ceteris

251 1335 329 1400 vidit
360 1335 501 1398 Graecus
526 1335 660 1420 aliquis,
693 1337 749 1420 qui
783 1335 817 1397 in
848 1337 972 1420 optimo
1004 1339 1119 1402 codice
1142 1341 1226 1402 Mur·

248 1444 343 1506 cinno
361 1453 434 1528 post
457 1444 624 1537 Δημητρίου
648 1434 871 1533 Σαλαφασσέοος
898 1446 1067 1540 Παρθενικοί
1090 1459 1227 1514 annota-

251 1551 312 1634 vit:
343 1549 463 1615 ἐλλείπει
493 1575 531 1614 τι.
576 1551 655 1631 Quis
686 1552 837 1614 dubitet?
872 1553 977 1633 Quem
1005 1577 1072 1619 non
1102 1559 1226 1643 pudeat

243 1659 351 1744 potius
381 1659 427 1720 id.
447 1679 513 1721 non
536 1658 662 1723 dudum
696 1659 835 1722 vidisse?
880 1660 945 1722 Sed
973 1663 1034 1726 aliu
1066 1675 1139 1727 sunt
1170 1665 1227 1729 ubi

246 1768 334 1830 fraus
355 1777 420 1830 tam
442 1748 534 1829 bene·
551 1769 629 1829 lutet
656 1777 691 1829 ut
722 1767 923 1852 deprehendi
953 1793 1135 1858 numquam
1161 1774 1228 1836 sine

244 1895 310 1960 ope
344 1876 553 1960 antiquorum
586 1876 743 1940 librorum
781 1877 893 1962 possit.
939 1878 1018 1958 Quis
1048 1881 1229 1966 suspicetur

238 1995 372 2069 purtem
394 1988 570 2050 sententiae
593 1988 721 2070 periisse
743 1988 777 2050 in
793 1987 875 2050 'hoc
905 1988 979 2051 loco
1003 1989 1228 2074 Xenophontis

247 2092 370 2154 Hellen.
396 2092 421 2154 I.
448 2096 474 2157 l.
495 2095 549 2158 35.
580 2094 666 2184 Ἀμις
686 2095 715 2160 d'
735 2095 767 2160 ἐκ
788 2105 840 2171 τῆς
863 2096 1021 2172 Δεκελείας
1043 2095 1114 2161 tour
1137 2098 1227 2166 πλοῖα
1306 2127 1321 2149 ¹«

249 2202 348 2267 πολλὰ
376 2204 454 2269 σίτου
487 2207 524 2281 εἷς
561 2207 686 2300 Πειραιοῖ
713 2209 896 2272 καταθέοντα
932 2207 1015 2273 οὐδὲν
1047 2207 1143 2298 ὄφελος
1175 2214 1227 2301 ἔφη

249 2313 318 2377 εἶναι
338 2314 402 2390 τοὺς
420 2316 484 2404 μετ’
508 2316 598 2382 αὐτοῦ
621 2317 710 2383 πολὺν
734 2315 793 2388 ἤδη
811 2320 923 2408 χρόνον,
938 2316 1105 2392 Ἀθηναίους
1126 2319 1228 2410 εἴργειν

238 2429 303 2496 -τῆς
334 2433 389 2512 γῆς
414 2426 438 2490 εἰ
463 2431 503 2513 μή
537 2449 577 2500 τις
605 2433 711 2513 σχήσοι
742 2425 792 2490 καί
824 2429 893 2492 ὅθεν
924 2426 939 2489 ὁ
966 2428 1047 2491 κατὰ
1076 2427 1228 2493 θάλατταν

248 2534 324 2606 σῖτος
354 2544 450 2624 φοιτᾷ.
483 2539 625 2626 κροίτιςόν
662 2561 692 2601 τε
717 2539 786 2602 εἶναι
816 2536 974 2626 Κλέαρχον
1004 2537 1052 2600 τὸν
1085 2537 1226 2629 Ῥαμφίου

248 2637 384 2731 πρόξενον
409 2648 479 2710 ὅντα
509 2646 673 2723 Βυζαντίου
701 2648 817 2735 πέμψαι
846 2647 884 2720 εἷς
913 2644 1097 2733 Καλχηδόνα
1119 2672 1151 2713 τε
1176 2647 1225 2715 καί

230 2749 420 2830 ΙΒυζοίντιου.
459 2753 577 2823 Veram
599 2755 770 2818 lectionem
800 2753 937 2816 servavit
959 2754 1100 2838 optimus
1122 2756 1227 2819 codex

246 2845 587 2938 Marcianum-atro
608 2875 707 2954 φοιτᾷ.
732 2863 768 2928 ἐν
793 2861 835 2927 δὲ
861 2861 1134 2952 Λακεδαίμονι
1161 2892 1224 2930 κα-

246 2967 308 3033 λὸν
341 2967 452 3047 ἔδοξε
483 2976 564 3046 τοῖς
596 2972 726 3037 τέλεσι
757 2972 912 3060 Κροίτιςόν
941 2994 972 3034 τε
1000 2970 1045 3034 τὸν
1069 2971 1224 3062 Ἄρις-σμέ-

245 3101 308 3152 νονς
333 3075 382 3142 καί
403 3079 556 3171 Κλέαρχον
577 3079 624 3145 τὸν
650 3078 792 3170 Ῥαμφίου
811 3073 945 3168 πρόξενον
967 3082 1037 3142 ὅντα
1056 3071 1224 3158 Βυζαντίων

246 3190 362 3277 πέμψαι
393 3188 456 3254 ιιτὲ.
494 3190 548 3252 ubi
579 3189 671 3252 simul
703 3187 792 3250 vides
825 3207 925 3270 quum
947 3188 1065 3251 callide
1088 3190 1226 3279 Gracci,

190 3335 193 3338 -
243 3307 417 3382 postquam
451 3297 637 3362 exciderant
667 3297 765 3361 verba
789 3295 818 3361 ἐν
849 3296 884 3360 δὲ
905 3295 1107 3384 Λακεδαίμονι
1136 3301 1225 3367 καλὸν

245 3401 328 3481 ἔδοξε
351 3409 410 3482 τοῖς
436 3407 554 3493 τέλεσι,
578 3408 705 3492 reliqua
729 3407 848 3473 audaci
873 3409 1073 3469 correctione
1102 3410 1146 3471 itu
1174 3433 1225 3474 re-

246 3509 414 3591 finxerint,
441 3526 476 3579 ut
499 3516 653 3578 sententia
677 3525 849 3598 constaret.
885 3516 1045 3578 Fecerunt
1069 3515 1102 3579 id
1125 3519 1223 3581 inter-

248 3623 326 3685 dum
349 3633 414 3685 tarn
443 3621 537 3697 scite,
565 3631 599 3684 ut
621 3621 669 3682 vel
692 3621 849 3683 levissima
870 3622 1073 3706 corruptelae
1092 3625 1223 3712 vestigia

246 3731 279 3793 in
295 3740 490 3817 perpetuum
501 3728 765 3804 obliterarentur‚
788 3728 986 3792 alibicontra
1007 3740 1071 3792 tarn
1090 3733 1219 3818 inepte,

248 3848 283 3899 ut
305 3839 463 3900 neminem
492 3839 550 3923 qui
570 3837 627 3900 has
657 3857 769 3926 eorum
797 3847 879 3900 artes
902 3839 998 3900 semel
1026 3845 1224 3924 perspexerit

248 3944 368 4027 possint
389 3943 552 4008 ludificari
574 3955 604 4006 et
632 3943 695 4006 hoe
714 3944 825 4006 saltem
847 3953 974 4006 certum
994 3946 1049 4020 sit,
1075 3968 1141 4010 non
1167 3969 1223 4034 gc·

150 4051 152 4054 ’
247 4053 346 4116 nuinu
366 4052 478 4117 veteris
500 4052 662 4136 scriptoris
686 4050 782 4121 rerba
806 4074 864 4115 uos
882 4054 987 4139 legere
1010 4055 1065 4118 sed
1087 4066 1221 4121 temera.
