<?xml version="1.0" encoding="UTF-8"?>
<!DOCTYPE html PUBLIC "-//W3C//DTD XHTML 1.0 Transitional//EN"
    "http://www.w3.org/TR/xhtml1/DTD/xhtml1-transitional.dtd">
<html xmlns="http://www.w3.org/1999/xhtml" xml:lang="en" lang="en">
 <head>
  <title>
</title>
<meta http-equiv="Content-Type" content="text/html;charset=utf-8" />
  <meta name='ocr-system' content='tesseract 3.04.00' />
  <meta name='ocr-capabilities' content='ocr_page ocr_carea ocr_par ocr_line ocrx_word'/>
</head>
<body>
  <div class='ocr_page' id='page_1' title='image "./oratiodearteint00cobegoog_0040.png"; bbox 0 0 3100 4942; ppageno 0'>
   <div class='ocr_carea' id='block_1_1' title="bbox 784 551 832 622">
    <p class='ocr_par' dir='ltr' id='par_1_1' title="bbox 784 551 832 622">
     <span class='ocr_line' id='line_1_1' title="bbox 784 551 832 622; baseline 0 0"><span class='ocrx_word' id='word_1_1' title='bbox 784 551 832 622; x_wconf 71' lang='lat'><strong>54</strong></span> 
     </span>
    </p>
   </div>
   <div class='ocr_carea' id='block_1_2' title="bbox 313 769 1297 1948">
    <p class='ocr_par' dir='ltr' id='par_1_2' title="bbox 313 769 1295 1351">
     <span class='ocr_line' id='line_1_2' title="bbox 313 769 1291 873; baseline -0.008 -23"><span class='ocrx_word' id='word_1_2' title='bbox 313 781 448 873; x_wconf 90' lang='lat' dir='ltr'><strong>busque</strong></span> <span class='ocrx_word' id='word_1_3' title='bbox 484 770 631 843; x_wconf 87' lang='lat' dir='ltr'><strong>consiliis</strong></span> <span class='ocrx_word' id='word_1_4' title='bbox 670 769 739 838; x_wconf 78' lang='lat' dir='ltr'><strong>refe</strong></span> <span class='ocrx_word' id='word_1_5' title='bbox 756 777 844 858; x_wconf 86' lang='lat' dir='ltr'><strong>rtae,</strong></span> <span class='ocrx_word' id='word_1_6' title='bbox 895 794 983 863; x_wconf 90' lang='lat' dir='ltr'><strong>quae</strong></span> <span class='ocrx_word' id='word_1_7' title='bbox 1020 769 1102 840; x_wconf 93' lang='lat' dir='ltr'><strong>mihi</strong></span> <span class='ocrx_word' id='word_1_8' title='bbox 1136 773 1291 842; x_wconf 86' lang='lat' dir='ltr'><strong>amissam</strong></span> 
     </span>
     <span class='ocr_line' id='line_1_3' title="bbox 320 890 1292 994; baseline -0.007 -26"><span class='ocrx_word' id='word_1_9' title='bbox 320 897 463 994; x_wconf 91' lang='lat' dir='ltr'><strong>patriam</strong></span> <span class='ocrx_word' id='word_1_10' title='bbox 492 891 685 984; x_wconf 89' lang='lat' dir='ltr'><strong>civiumque</strong></span> <span class='ocrx_word' id='word_1_11' title='bbox 704 890 864 959; x_wconf 86' lang='lat' dir='ltr'><strong>virtutem</strong></span> <span class='ocrx_word' id='word_1_12' title='bbox 884 898 917 959; x_wconf 92' lang='lat' dir='ltr'><strong>et</strong></span> <span class='ocrx_word' id='word_1_13' title='bbox 936 913 1052 960; x_wconf 89' lang='lat' dir='ltr'><strong>sanam</strong></span> <span class='ocrx_word' id='word_1_14' title='bbox 1068 890 1292 962; x_wconf 83' lang='lat' dir='ltr'><strong>eruditionem</strong></span> 
     </span>
     <span class='ocr_line' id='line_1_4' title="bbox 328 1008 1292 1103; baseline -0.005 -16"><span class='ocrx_word' id='word_1_15' title='bbox 328 1011 526 1086; x_wconf 84' lang='lat' dir='ltr'><strong>reddebant.</strong></span> <span class='ocrx_word' id='word_1_16' title='bbox 556 1009 586 1080; x_wconf 90' lang='grc' dir='ltr'><strong>Ο</strong></span> <span class='ocrx_word' id='word_1_17' title='bbox 610 1011 739 1081; x_wconf 88' lang='lat' dir='ltr'><strong>utinam</strong></span> <span class='ocrx_word' id='word_1_18' title='bbox 767 1008 843 1078; x_wconf 89' lang='lat' dir='ltr'>Tibi</span> <span class='ocrx_word' id='word_1_19' title='bbox 865 1033 928 1103; x_wconf 89' lang='lat' dir='ltr'><strong>pro</strong></span> <span class='ocrx_word' id='word_1_20' title='bbox 951 1009 1078 1080; x_wconf 88' lang='lat' dir='ltr'><strong>talibus</strong></span> <span class='ocrx_word' id='word_1_21' title='bbox 1098 1013 1225 1082; x_wconf 85' lang='lat' dir='ltr'><strong>meritis</strong></span> <span class='ocrx_word' id='word_1_22' title='bbox 1246 1015 1292 1082; x_wconf 93' lang='lat' dir='ltr'><strong>ita</strong></span> 
     </span>
     <span class='ocr_line' id='line_1_5' title="bbox 329 1129 1295 1226; baseline -0.009 -19"><span class='ocrx_word' id='word_1_23' title='bbox 329 1156 462 1226; x_wconf 84' lang='lat' dir='ltr'><strong>semper</strong></span> <span class='ocrx_word' id='word_1_24' title='bbox 482 1129 569 1198; x_wconf 88' lang='lat' dir='ltr'><strong>laeta</strong></span> <span class='ocrx_word' id='word_1_25' title='bbox 593 1129 763 1198; x_wconf 85' lang='lat' dir='ltr'><strong>omniane</strong></span> <span class='ocrx_word' id='word_1_26' title='bbox 783 1150 946 1222; x_wconf 88' lang='lat' dir='ltr'><strong>prospera</strong></span> <span class='ocrx_word' id='word_1_27' title='bbox 963 1130 1135 1218; x_wconf 88' lang='lat' dir='ltr'><strong>eveniant,</strong></span> <span class='ocrx_word' id='word_1_28' title='bbox 1162 1137 1202 1198; x_wconf 89' lang='lat' dir='ltr'><strong>ut</strong></span> <span class='ocrx_word' id='word_1_29' title='bbox 1218 1129 1295 1198; x_wconf 85' lang='lat' dir='ltr'>Tibi</span> 
     </span>
     <span class='ocr_line' id='line_1_6' title="bbox 330 1251 966 1351; baseline -0.013 -24"><span class='ocrx_word' id='word_1_30' title='bbox 330 1263 446 1351; x_wconf 83' lang='lat' dir='ltr'><strong>gratus</strong></span> <span class='ocrx_word' id='word_1_31' title='bbox 474 1251 607 1320; x_wconf 91' lang='lat' dir='ltr'><strong>animus</strong></span> <span class='ocrx_word' id='word_1_32' title='bbox 635 1272 729 1320; x_wconf 91' lang='lat' dir='ltr'><strong>meus</strong></span> <span class='ocrx_word' id='word_1_33' title='bbox 752 1257 966 1344; x_wconf 83' lang='lat' dir='ltr'>apprecatur.</span> 
     </span>
    </p>

    <p class='ocr_par' dir='ltr' id='par_1_3' title="bbox 330 1369 1297 1948">
     <span class='ocr_line' id='line_1_7' title="bbox 380 1369 1295 1462; baseline -0.003 -19"><span class='ocrx_word' id='word_1_34' title='bbox 380 1373 527 1459; x_wconf 86' lang='lat' dir='ltr'><strong>Tecum,</strong></span> <span class='ocrx_word' id='word_1_35' title='bbox 553 1370 604 1437; x_wconf 88' lang='lat' dir='ltr'><strong>vir</strong></span> <span class='ocrx_word' id='word_1_36' title='bbox 632 1370 763 1461; x_wconf 79' lang='lat' dir='ltr'>egregie</span> <span class='ocrx_word' id='word_1_37' title='bbox 787 1393 850 1438; x_wconf 74' lang='lat' dir='ltr'><strong>raa</strong></span> <span class='ocrx_word' id='word_1_38' title='bbox 869 1369 989 1459; x_wconf 58' lang='lat' dir='ltr'><strong>Assem</strong></span> <span class='ocrx_word' id='word_1_39' title='bbox 1014 1371 1075 1462; x_wconf 90' lang='lat' dir='ltr'><strong>qui</strong></span> <span class='ocrx_word' id='word_1_40' title='bbox 1096 1371 1295 1440; x_wconf 85' lang='lat' dir='ltr'><strong>severiorem</strong></span> 
     </span>
     <span class='ocr_line' id='line_1_8' title="bbox 330 1487 1295 1589; baseline -0.005 -26"><span class='ocrx_word' id='word_1_41' title='bbox 330 1492 543 1589; x_wconf 83' lang='lat' dir='ltr'><strong>disciplinam</strong></span> <span class='ocrx_word' id='word_1_42' title='bbox 583 1513 661 1558; x_wconf 92' lang='lat' dir='ltr'><strong>cum</strong></span> <span class='ocrx_word' id='word_1_43' title='bbox 702 1488 879 1559; x_wconf 90' lang='lat' dir='ltr'><strong>literarum</strong></span> <span class='ocrx_word' id='word_1_44' title='bbox 919 1490 1122 1561; x_wconf 87' lang='lat' dir='ltr'><strong>amoenitate</strong></span> <span class='ocrx_word' id='word_1_45' title='bbox 1155 1487 1295 1561; x_wconf 82' lang='lat' dir='ltr'><strong>feliciter</strong></span> 
     </span>
     <span class='ocr_line' id='line_1_9' title="bbox 332 1607 1295 1705; baseline -0.004 -21"><span class='ocrx_word' id='word_1_46' title='bbox 332 1615 558 1705; x_wconf 82' lang='lat' dir='ltr'><strong>coniungens,</strong></span> <span class='ocrx_word' id='word_1_47' title='bbox 598 1607 743 1679; x_wconf 87' lang='lat' dir='ltr'><strong>amicitia</strong></span> <span class='ocrx_word' id='word_1_48' title='bbox 781 1610 874 1700; x_wconf 85' lang='lat' dir='ltr'><strong>Tua,</strong></span> <span class='ocrx_word' id='word_1_49' title='bbox 910 1634 978 1704; x_wconf 89' lang='lat' dir='ltr'><strong>qua</strong></span> <span class='ocrx_word' id='word_1_50' title='bbox 1004 1610 1153 1704; x_wconf 85' lang='lat' dir='ltr'><strong>glorior,</strong></span> <span class='ocrx_word' id='word_1_51' title='bbox 1191 1611 1295 1680; x_wconf 86' lang='lat' dir='ltr'><strong>vitam</strong></span> 
     </span>
     <span class='ocr_line' id='line_1_10' title="bbox 333 1728 1296 1825; baseline -0.002 -23"><span class='ocrx_word' id='word_1_52' title='bbox 333 1733 417 1802; x_wconf 90' lang='lat' dir='ltr'><strong>mihi</strong></span> <span class='ocrx_word' id='word_1_53' title='bbox 447 1738 481 1800; x_wconf 87' lang='lat' dir='ltr'><strong>et</strong></span> <span class='ocrx_word' id='word_1_54' title='bbox 500 1728 611 1800; x_wconf 88' lang='lat' dir='ltr'><strong>studia</strong></span> <span class='ocrx_word' id='word_1_55' title='bbox 633 1730 831 1800; x_wconf 84' lang='lat' dir='ltr'><strong>auarissimo</strong></span> <span class='ocrx_word' id='word_1_56' title='bbox 852 1732 1037 1825; x_wconf 83' lang='lat' dir='ltr'><strong>elegantiae</strong></span> <span class='ocrx_word' id='word_1_57' title='bbox 1058 1754 1159 1801; x_wconf 85' lang='lat' dir='ltr'><strong>sensu</strong></span> <span class='ocrx_word' id='word_1_58' title='bbox 1185 1729 1296 1800; x_wconf 88' lang='lat' dir='ltr'><strong>imbu-</strong></span> 
     </span>
     <span class='ocr_line' id='line_1_11' title="bbox 334 1850 1297 1948; baseline 0 -26"><span class='ocrx_word' id='word_1_59' title='bbox 334 1853 389 1922; x_wconf 86' lang='lat' dir='ltr'><strong>isti</strong></span> <span class='ocrx_word' id='word_1_60' title='bbox 423 1859 457 1921; x_wconf 92' lang='lat' dir='ltr'><strong>et</strong></span> <span class='ocrx_word' id='word_1_61' title='bbox 485 1857 618 1919; x_wconf 89' lang='lat' dir='ltr'><strong>mature</strong></span> <span class='ocrx_word' id='word_1_62' title='bbox 653 1850 801 1920; x_wconf 89' lang='lat' dir='ltr'><strong>consiliis</strong></span> <span class='ocrx_word' id='word_1_63' title='bbox 834 1852 1058 1948; x_wconf 83' lang='lat' dir='ltr'><strong>exemploque</strong></span> <span class='ocrx_word' id='word_1_64' title='bbox 1092 1852 1168 1922; x_wconf 92' lang='lat' dir='ltr'><strong>Tuo</strong></span> <span class='ocrx_word' id='word_1_65' title='bbox 1206 1860 1297 1922; x_wconf 88' lang='lat' dir='ltr'><strong>vete·</strong></span> 
     </span>
    </p>
   </div>
   <div class='ocr_carea' id='block_1_3' title="bbox 335 1968 1400 2062">
    <p class='ocr_par' dir='ltr' id='par_1_4' title="bbox 335 1968 1400 2062">
     <span class='ocr_line' id='line_1_12' title="bbox 335 1968 1400 2062; baseline -0.002 -20"><span class='ocrx_word' id='word_1_66' title='bbox 335 1997 412 2042; x_wconf 89' lang='lat' dir='ltr'><strong>rum</strong></span> <span class='ocrx_word' id='word_1_67' title='bbox 438 1970 634 2062; x_wconf 91' lang='lat' dir='ltr'><strong>sapientiam</strong></span> <span class='ocrx_word' id='word_1_68' title='bbox 654 1977 688 2040; x_wconf 90' lang='lat' dir='ltr'><strong>et</strong></span> <span class='ocrx_word' id='word_1_69' title='bbox 713 1968 959 2045; x_wconf 83' lang='lat' dir='ltr'><strong>humanitatem</strong></span> <span class='ocrx_word' id='word_1_70' title='bbox 981 1975 1016 2042; x_wconf 94' lang='lat' dir='ltr'><strong>iu</strong></span> <span class='ocrx_word' id='word_1_71' title='bbox 1037 1973 1125 2040; x_wconf 86' lang='lat' dir='ltr'><strong>vitae</strong></span> <span class='ocrx_word' id='word_1_72' title='bbox 1147 1969 1295 2040; x_wconf 86' lang='lat' dir='ltr'><strong>fructum</strong></span> <span class='ocrx_word' id='word_1_73' title='bbox 1397 1985 1400 1990; x_wconf 84' lang='grc'><em>“</em></span> 
     </span>
    </p>
   </div>
   <div class='ocr_carea' id='block_1_4' title="bbox 333 2090 1321 4093">
    <p class='ocr_par' dir='ltr' id='par_1_5' title="bbox 333 2090 1307 3236">
     <span class='ocr_line' id='line_1_13' title="bbox 334 2090 1300 2185; baseline -0.002 -21"><span class='ocrx_word' id='word_1_74' title='bbox 334 2092 536 2183; x_wconf 91' lang='lat' dir='ltr'><strong>cultumque</strong></span> <span class='ocrx_word' id='word_1_75' title='bbox 573 2096 700 2160; x_wconf 84' lang='lat' dir='ltr'><strong>vertere</strong></span> <span class='ocrx_word' id='word_1_76' title='bbox 742 2090 900 2162; x_wconf 87' lang='lat' dir='ltr'><strong>docuisti.</strong></span> <span class='ocrx_word' id='word_1_77' title='bbox 945 2092 1032 2185; x_wconf 83' lang='lat' dir='ltr'><strong>Erga</strong></span> <span class='ocrx_word' id='word_1_78' title='bbox 1064 2093 1110 2162; x_wconf 91' lang='lat' dir='ltr'><strong>Te</strong></span> <span class='ocrx_word' id='word_1_79' title='bbox 1152 2101 1186 2162; x_wconf 90' lang='lat' dir='ltr'><strong>ct</strong></span> <span class='ocrx_word' id='word_1_80' title='bbox 1220 2116 1300 2184; x_wconf 82' lang='lat' dir='ltr'><strong>erga</strong></span> 
     </span>
     <span class='ocr_line' id='line_1_14' title="bbox 335 2207 1300 2301; baseline -0.001 -20"><span class='ocrx_word' id='word_1_81' title='bbox 335 2212 403 2282; x_wconf 84' lang='lat' dir='ltr'><strong>Vos</strong></span> <span class='ocrx_word' id='word_1_82' title='bbox 440 2230 573 2298; x_wconf 88' lang='lat' dir='ltr'><strong>omnes,</strong></span> <span class='ocrx_word' id='word_1_83' title='bbox 609 2207 758 2301; x_wconf 83' lang='lat' dir='ltr'><strong>collegae</strong></span> <span class='ocrx_word' id='word_1_84' title='bbox 784 2212 1070 2300; x_wconf 88' lang='lat' dir='ltr'><strong>coniunctissimi,</strong></span> <span class='ocrx_word' id='word_1_85' title='bbox 1104 2210 1192 2280; x_wconf 84' lang='lat' dir='ltr'><strong>idern</strong></span> <span class='ocrx_word' id='word_1_86' title='bbox 1217 2210 1300 2280; x_wconf 90' lang='lat' dir='ltr'><strong>mihi</strong></span> 
     </span>
     <span class='ocr_line' id='line_1_15' title="bbox 333 2324 1301 2419; baseline 0.002 -20"><span class='ocrx_word' id='word_1_87' title='bbox 333 2351 447 2416; x_wconf 89' lang='lat' dir='ltr'><strong>nunc,</strong></span> <span class='ocrx_word' id='word_1_88' title='bbox 475 2326 535 2419; x_wconf 91' lang='lat' dir='ltr'><strong>qui</strong></span> <span class='ocrx_word' id='word_1_89' title='bbox 565 2326 646 2395; x_wconf 92' lang='lat' dir='ltr'><strong>olim</strong></span> <span class='ocrx_word' id='word_1_90' title='bbox 670 2324 751 2416; x_wconf 86' lang='lat' dir='ltr'><strong>fuit,</strong></span> <span class='ocrx_word' id='word_1_91' title='bbox 777 2335 829 2396; x_wconf 91' lang='lat' dir='ltr'><strong>est</strong></span> <span class='ocrx_word' id='word_1_92' title='bbox 852 2328 1002 2418; x_wconf 87' lang='lat' dir='ltr'><strong>animus,</strong></span> <span class='ocrx_word' id='word_1_93' title='bbox 1030 2332 1208 2400; x_wconf 82' lang='lat' dir='ltr'><strong>almerita</strong></span> <span class='ocrx_word' id='word_1_94' title='bbox 1233 2331 1301 2401; x_wconf 84' lang='lat' dir='ltr'><strong>Ve-</strong></span> 
     </span>
     <span class='ocr_line' id='line_1_16' title="bbox 337 2445 1300 2544; baseline 0.004 -28"><span class='ocrx_word' id='word_1_95' title='bbox 337 2455 429 2536; x_wconf 90' lang='lat' dir='ltr'><strong>stra,</strong></span> <span class='ocrx_word' id='word_1_96' title='bbox 469 2445 693 2516; x_wconf 87' lang='lat' dir='ltr'><strong>eruditionem</strong></span> <span class='ocrx_word' id='word_1_97' title='bbox 729 2454 764 2516; x_wconf 87' lang='lat' dir='ltr'><strong>et</strong></span> <span class='ocrx_word' id='word_1_98' title='bbox 789 2447 977 2518; x_wconf 82' lang='lat' dir='ltr'><strong>doctrinam</strong></span> <span class='ocrx_word' id='word_1_99' title='bbox 1007 2451 1148 2544; x_wconf 85' lang='lat' dir='ltr'><strong>plurimi</strong></span> <span class='ocrx_word' id='word_1_100' title='bbox 1181 2450 1300 2522; x_wconf 84' lang='lat' dir='ltr'><strong>faciam</strong></span> 
     </span>
     <span class='ocr_line' id='line_1_17' title="bbox 336 2567 1302 2665; baseline 0.003 -27"><span class='ocrx_word' id='word_1_101' title='bbox 336 2569 488 2660; x_wconf 90' lang='lat' dir='ltr'><strong>mihique</strong></span> <span class='ocrx_word' id='word_1_102' title='bbox 518 2568 553 2637; x_wconf 92' lang='lat' dir='ltr'><strong>in</strong></span> <span class='ocrx_word' id='word_1_103' title='bbox 588 2567 784 2662; x_wconf 88' lang='lat' dir='ltr'><strong>exemplum</strong></span> <span class='ocrx_word' id='word_1_104' title='bbox 816 2591 1017 2665; x_wconf 87' lang='lat' dir='ltr'><strong>proponam.</strong></span> <span class='ocrx_word' id='word_1_105' title='bbox 1056 2572 1208 2664; x_wconf 85' lang='lat' dir='ltr'><strong>Recipite</strong></span> <span class='ocrx_word' id='word_1_106' title='bbox 1230 2596 1302 2659; x_wconf 91' lang='lat' dir='ltr'><strong>me,</strong></span> 
     </span>
     <span class='ocr_line' id='line_1_18' title="bbox 338 2687 1304 2784; baseline 0.002 -26"><span class='ocrx_word' id='word_1_107' title='bbox 338 2709 482 2784; x_wconf 84' lang='lat' dir='ltr'><strong>quaese,</strong></span> <span class='ocrx_word' id='word_1_108' title='bbox 520 2687 556 2758; x_wconf 92' lang='lat' dir='ltr'><strong>in</strong></span> <span class='ocrx_word' id='word_1_109' title='bbox 586 2687 738 2757; x_wconf 84' lang='lat' dir='ltr'><strong>Vestram</strong></span> <span class='ocrx_word' id='word_1_110' title='bbox 771 2689 970 2780; x_wconf 83' lang='lat' dir='ltr'><strong>amicitiam,</strong></span> <span class='ocrx_word' id='word_1_111' title='bbox 997 2700 1057 2760; x_wconf 89' lang='lat' dir='ltr'><strong>aut</strong></span> <span class='ocrx_word' id='word_1_112' title='bbox 1083 2691 1163 2760; x_wconf 92' lang='lat' dir='ltr'><strong>olim</strong></span> <span class='ocrx_word' id='word_1_113' title='bbox 1189 2692 1304 2760; x_wconf 88' lang='lat' dir='ltr'><strong>conci-</strong></span> 
     </span>
     <span class='ocr_line' id='line_1_19' title="bbox 340 2803 1304 2897; baseline 0.003 -21"><span class='ocrx_word' id='word_1_114' title='bbox 340 2808 474 2897; x_wconf 86' lang='lat' dir='ltr'><strong>liatam,</strong></span> <span class='ocrx_word' id='word_1_115' title='bbox 501 2807 528 2876; x_wconf 92' lang='lat' dir='ltr'><strong>si</strong></span> <span class='ocrx_word' id='word_1_116' title='bbox 554 2803 728 2895; x_wconf 91' lang='lat' dir='ltr'><strong>merebor,</strong></span> <span class='ocrx_word' id='word_1_117' title='bbox 767 2814 895 2878; x_wconf 86' lang='lat' dir='ltr'><strong>servate</strong></span> <span class='ocrx_word' id='word_1_118' title='bbox 916 2817 951 2878; x_wconf 91' lang='lat' dir='ltr'><strong>et</strong></span> <span class='ocrx_word' id='word_1_119' title='bbox 975 2810 1182 2881; x_wconf 86' lang='lat' dir='ltr'><strong>confirmate.</strong></span> <span class='ocrx_word' id='word_1_120' title='bbox 1221 2811 1304 2882; x_wconf 90' lang='lat' dir='ltr'><strong>Mihi</strong></span> 
     </span>
     <span class='ocr_line' id='line_1_20' title="bbox 343 2906 1306 3000; baseline 0.004 -4"><span class='ocrx_word' id='word_1_121' title='bbox 343 2925 525 2996; x_wconf 91' lang='lat' dir='ltr'><strong>candorem</strong></span> <span class='ocrx_word' id='word_1_122' title='bbox 561 2947 675 2994; x_wconf 90' lang='lat' dir='ltr'><strong>meum</strong></span> <span class='ocrx_word' id='word_1_123' title='bbox 698 2931 732 2992; x_wconf 92' lang='lat' dir='ltr'><strong>et</strong></span> <span class='ocrx_word' id='word_1_124' title='bbox 764 2925 963 2996; x_wconf 88' lang='lat' dir='ltr'><strong>modestiam</strong></span> <span class='ocrx_word' id='word_1_125' title='bbox 984 2950 1054 2997; x_wconf 91' lang='lat' dir='ltr'><strong>non</strong></span> <span class='ocrx_word' id='word_1_126' title='bbox 1077 2906 1187 3000; x_wconf 86' lang='lat' dir='ltr'><strong>verbis</strong></span> <span class='ocrx_word' id='word_1_127' title='bbox 1212 2953 1306 3000; x_wconf 87' lang='lat' dir='ltr'><strong>nunc</strong></span> 
     </span>
     <span class='ocr_line' id='line_1_21' title="bbox 343 3041 1307 3139; baseline 0.003 -24"><span class='ocrx_word' id='word_1_128' title='bbox 343 3044 516 3139; x_wconf 85' lang='lat' dir='ltr'><strong>polliceri,</strong></span> <span class='ocrx_word' id='word_1_129' title='bbox 553 3042 611 3114; x_wconf 86' lang='lat' dir='ltr'><strong>sed</strong></span> <span class='ocrx_word' id='word_1_130' title='bbox 645 3041 741 3111; x_wconf 86' lang='lat' dir='ltr'><strong>lactis</strong></span> <span class='ocrx_word' id='word_1_131' title='bbox 775 3051 891 3136; x_wconf 90' lang='lat' dir='ltr'><strong>postea</strong></span> <span class='ocrx_word' id='word_1_132' title='bbox 925 3054 1095 3139; x_wconf 89' lang='lat' dir='ltr'><strong>praestare</strong></span> <span class='ocrx_word' id='word_1_133' title='bbox 1126 3051 1160 3119; x_wconf 93' lang='lat' dir='ltr'><strong>in</strong></span> <span class='ocrx_word' id='word_1_134' title='bbox 1193 3050 1307 3119; x_wconf 93' lang='lat' dir='ltr'><strong>animo</strong></span> 
     </span>
     <span class='ocr_line' id='line_1_22' title="bbox 345 3173 406 3236; baseline -0.066 0"><span class='ocrx_word' id='word_1_135' title='bbox 345 3173 406 3236; x_wconf 84' lang='lat' dir='ltr'><strong>est.</strong></span> 
     </span>
    </p>

    <p class='ocr_par' dir='ltr' id='par_1_6' title="bbox 350 3279 1321 4093">
     <span class='ocr_line' id='line_1_23' title="bbox 397 3279 1312 3376; baseline 0.008 -24"><span class='ocrx_word' id='word_1_136' title='bbox 397 3282 465 3352; x_wconf 84' lang='lat' dir='ltr'><strong>Vos</strong></span> <span class='ocrx_word' id='word_1_137' title='bbox 493 3279 640 3371; x_wconf 91' lang='lat' dir='ltr'><strong>denique</strong></span> <span class='ocrx_word' id='word_1_138' title='bbox 666 3279 775 3349; x_wconf 87' lang='lat' dir='ltr'><strong>laetus</strong></span> <span class='ocrx_word' id='word_1_139' title='bbox 804 3281 992 3376; x_wconf 86' lang='lat' dir='ltr'><strong>compella,</strong></span> <span class='ocrx_word' id='word_1_140' title='bbox 1031 3286 1232 3358; x_wconf 89' lang='lat' dir='ltr'><strong>ornatissimi</strong></span> <span class='ocrx_word' id='word_1_141' title='bbox 1257 3290 1312 3359; x_wconf 89' lang='lat' dir='ltr'><strong>iu·</strong></span> 
     </span>
     <span class='ocr_line' id='line_1_24' title="bbox 351 3396 1313 3496; baseline 0.005 -22"><span class='ocrx_word' id='word_1_142' title='bbox 351 3425 472 3492; x_wconf 84' lang='lat' dir='ltr'><strong>venes,</strong></span> <span class='ocrx_word' id='word_1_143' title='bbox 510 3423 585 3496; x_wconf 87' lang='lat' dir='ltr'><strong>spes</strong></span> <span class='ocrx_word' id='word_1_144' title='bbox 625 3396 823 3472; x_wconf 82' lang='lat' dir='ltr'><strong>Academiae</strong></span> <span class='ocrx_word' id='word_1_145' title='bbox 856 3411 890 3472; x_wconf 88' lang='lat' dir='ltr'><strong>et</strong></span> <span class='ocrx_word' id='word_1_146' title='bbox 933 3404 1082 3496; x_wconf 84' lang='lat' dir='ltr'><strong>patriae,</strong></span> <span class='ocrx_word' id='word_1_147' title='bbox 1120 3405 1313 3480; x_wconf 87' lang='lat' dir='ltr'><strong>studiorum</strong></span> 
     </span>
     <span class='ocr_line' id='line_1_25' title="bbox 352 3519 1316 3621; baseline 0.004 -26"><span class='ocrx_word' id='word_1_148' title='bbox 352 3521 599 3595; x_wconf 89' lang='lat' dir='ltr'><strong>commilitones</strong></span> <span class='ocrx_word' id='word_1_149' title='bbox 633 3519 879 3590; x_wconf 86' lang='lat' dir='ltr'><strong>iucundissimi.</strong></span> <span class='ocrx_word' id='word_1_150' title='bbox 921 3521 1049 3616; x_wconf 84' lang='lat' dir='ltr'><strong>Aperui</strong></span> <span class='ocrx_word' id='word_1_151' title='bbox 1082 3524 1178 3594; x_wconf 81' lang='lat' dir='ltr'><strong>vobis</strong></span> <span class='ocrx_word' id='word_1_152' title='bbox 1212 3550 1316 3621; x_wconf 90' lang='lat' dir='ltr'><strong>quam</strong></span> 
     </span>
     <span class='ocr_line' id='line_1_26' title="bbox 351 3639 1316 3739; baseline 0.004 -25"><span class='ocrx_word' id='word_1_153' title='bbox 351 3647 438 3714; x_wconf 87' lang='lat' dir='ltr'><strong>viam</strong></span> <span class='ocrx_word' id='word_1_154' title='bbox 480 3644 515 3711; x_wconf 94' lang='lat' dir='ltr'><strong>in</strong></span> <span class='ocrx_word' id='word_1_155' title='bbox 559 3639 709 3711; x_wconf 84' lang='lat' dir='ltr'><strong>colendis</strong></span> <span class='ocrx_word' id='word_1_156' title='bbox 750 3640 856 3711; x_wconf 89' lang='lat' dir='ltr'><strong>literis</strong></span> <span class='ocrx_word' id='word_1_157' title='bbox 902 3644 1007 3714; x_wconf 89' lang='lat' dir='ltr'><strong>simus</strong></span> <span class='ocrx_word' id='word_1_158' title='bbox 1042 3646 1246 3739; x_wconf 81' lang='lat' dir='ltr'><strong>ingressuri,</strong></span> <span class='ocrx_word' id='word_1_159' title='bbox 1280 3649 1316 3718; x_wconf 94' lang='lat' dir='ltr'><strong>id</strong></span> 
     </span>
     <span class='ocr_line' id='line_1_27' title="bbox 350 3759 1317 3860; baseline 0.005 -27"><span class='ocrx_word' id='word_1_160' title='bbox 350 3764 451 3834; x_wconf 87' lang='lat' dir='ltr'><strong>unice</strong></span> <span class='ocrx_word' id='word_1_161' title='bbox 486 3759 639 3830; x_wconf 90' lang='lat' dir='ltr'><strong>docendo</strong></span> <span class='ocrx_word' id='word_1_162' title='bbox 669 3768 887 3854; x_wconf 85' lang='lat' dir='ltr'><strong>quaerentes,</strong></span> <span class='ocrx_word' id='word_1_163' title='bbox 911 3769 951 3832; x_wconf 95' lang='lat' dir='ltr'><strong>ut</strong></span> <span class='ocrx_word' id='word_1_164' title='bbox 975 3788 1019 3834; x_wconf 87' lang='lat' dir='ltr'><strong>ne</strong></span> <span class='ocrx_word' id='word_1_165' title='bbox 1036 3787 1168 3860; x_wconf 84' lang='lat' dir='ltr'><strong>semper</strong></span> <span class='ocrx_word' id='word_1_166' title='bbox 1192 3768 1317 3839; x_wconf 89' lang='lat' dir='ltr'><strong>docen-</strong></span> 
     </span>
     <span class='ocr_line' id='line_1_28' title="bbox 352 3878 1319 3974; baseline 0.002 -19"><span class='ocrx_word' id='word_1_167' title='bbox 352 3885 389 3954; x_wconf 96' lang='lat' dir='ltr'><strong>di</strong></span> <span class='ocrx_word' id='word_1_168' title='bbox 415 3883 541 3955; x_wconf 82' lang='lat' dir='ltr'><strong>essetis.</strong></span> <span class='ocrx_word' id='word_1_169' title='bbox 579 3878 626 3948; x_wconf 87' lang='lat' dir='ltr'><strong>Eo</strong></span> <span class='ocrx_word' id='word_1_170' title='bbox 662 3878 728 3948; x_wconf 90' lang='lat' dir='ltr'><strong>iam</strong></span> <span class='ocrx_word' id='word_1_171' title='bbox 766 3881 846 3951; x_wconf 87' lang='lat' dir='ltr'><strong>estis</strong></span> <span class='ocrx_word' id='word_1_172' title='bbox 883 3881 991 3974; x_wconf 81' lang='lat' dir='ltr'><strong>gradu</strong></span> <span class='ocrx_word' id='word_1_173' title='bbox 1030 3887 1146 3954; x_wconf 89' lang='lat' dir='ltr'><strong>aetatis</strong></span> <span class='ocrx_word' id='word_1_174' title='bbox 1178 3894 1212 3955; x_wconf 92' lang='lat' dir='ltr'><strong>et</strong></span> <span class='ocrx_word' id='word_1_175' title='bbox 1246 3896 1319 3958; x_wconf 91' lang='lat' dir='ltr'><strong>stu·</strong></span> 
     </span>
     <span class='ocr_line' id='line_1_29' title="bbox 354 3998 1321 4093; baseline 0.005 -19"><span class='ocrx_word' id='word_1_176' title='bbox 354 4002 490 4074; x_wconf 89' lang='lat' dir='ltr'><strong>diorum</strong></span> <span class='ocrx_word' id='word_1_177' title='bbox 522 4005 561 4070; x_wconf 88' lang='lat' dir='ltr'><strong>ut</strong></span> <span class='ocrx_word' id='word_1_178' title='bbox 595 4019 663 4068; x_wconf 92' lang='lat' dir='ltr'><strong>non</strong></span> <span class='ocrx_word' id='word_1_179' title='bbox 697 3998 846 4093; x_wconf 83' lang='lat' dir='ltr'><strong>amplius</strong></span> <span class='ocrx_word' id='word_1_180' title='bbox 883 4003 991 4071; x_wconf 90' lang='lat' dir='ltr'><strong>securi</strong></span> <span class='ocrx_word' id='word_1_181' title='bbox 1027 4003 1170 4076; x_wconf 90' lang='lat' dir='ltr'><strong>aliorum</strong></span> <span class='ocrx_word' id='word_1_182' title='bbox 1206 4015 1321 4080; x_wconf 89' lang='lat' dir='ltr'><strong>aucto·</strong></span> 
     </span>
    </p>
   </div>
   <div class='ocr_carea' id='block_1_5' title="bbox 0 0 1592 4942">
    <p class='ocr_par' dir='ltr' id='par_1_7' title="bbox 0 0 1592 4942">
     <span class='ocr_line' id='line_1_30' title="bbox 0 0 1592 4942; baseline 0 0"><span class='ocrx_word' id='word_1_183' title='bbox 0 0 1592 4942; x_wconf 95' lang='lat' dir='ltr'><strong> </strong></span> 
     </span>
    </p>
   </div>
  </div>
 </body>
</html>
