3100 4942
753 577 802 649 la

330 795 418 869 Tum
429 821 507 867 vero
516 795 635 866 ardore
644 793 1257 889 incredibiliquascumqueliterarum

304 925 522 988 monumenta
551 916 726 984 hominum
755 915 885 984 incuria
914 925 948 985 et
973 915 1144 986 barbaries
1172 939 1258 985 uou-

304 1037 387 1107 dum
406 1035 597 1105 deleverant
618 1031 661 1102 ab
679 1034 817 1102 interitu
834 1026 1002 1107 'vindicare
1015 1045 1049 1105 et
1065 1035 1108 1104 ad
1124 1035 1257 1105 cultum

307 1157 527 1246 fructumque
560 1153 646 1222 vitae
679 1151 836 1222 adhibere
865 1153 1038 1245 omnihus,
1071 1155 1131 1247 qui
1154 1176 1258 1248 supra

308 1277 429 1370 vulgus
463 1299 579 1368 sapere
608 1274 752 1363 vellent,
786 1283 820 1344 et
854 1274 928 1358 laus
962 1299 1093 1345 summa
1126 1284 1198 1344 erat
1225 1285 1260 1344 et

305 1397 600 1468 oblectamentum.
638 1392 881 1464 Ardentissimo
907 1395 1019 1467 studio
1040 1395 1163 1466 eruditi
1187 1419 1260 1466 om·

306 1539 365 1587 nes
391 1519 424 1584 in
451 1516 558 1586 omnis
584 1515 713 1606 generis
737 1515 973 1610 scriptoribus,
1000 1517 1128 1610 politis,
1153 1515 1261 1585 hiato-

307 1639 401 1725 rieis,
423 1621 661 1730 philosophie,
696 1635 907 1726 oratoribus,
935 1635 1109 1730 sophistis,
1145 1633 1260 1704 rheto-

308 1755 404 1825 ribus
439 1757 684 1848 euiuscumque
717 1757 833 1824 aetatis
867 1765 901 1824 et
938 1757 1035 1850 pretii
1069 1756 1261 1849 promiscue

309 1873 567 1962 helluahautur‚
593 1898 632 1942 ex
658 1873 820 1965 indigesta
849 1873 992 1942 diffusae
1017 1873 1169 1943 lectionis
1195 1873 1264 1942 sar-

310 1995 425 2084 ragine
440 2015 573 2061 omnem
591 1990 758 2061 humanae
775 1993 975 2085 cognitionis
994 1993 1134 2062 modum
1153 2002 1265 2062 mente

310 2133 345 2180 se
365 2109 602 2204 complexuros
621 2117 807 2202 sperantes:
828 2112 925 2179 cuius
943 2109 1116 2212 doctrinae
1136 2121 1175 2182 ut
1196 2113 1265 2182 do-
1316 2202 1318 2205 Ι

310 2240 467 2302 comente
494 2236 661 2299 exstarent
686 2229 787 2297 multi
819 2230 996 2301 collectam
1022 2230 1175 2326 undique
1200 2257 1263 2303 ex-

310 2332 500 2448 plicationis
532 2357 566 2420 et
600 2351 825 2418 annotationis
849 2352 1115 2448 materiemsine
1139 2352 1264 2422 iudicio

311 2497 374 2543 nec
418 2469 552 2540 delectu
590 2465 823 2538 effundebant.
879 2471 999 2546 Simul,
1021 2471 1265 2566 plerorumque

312 2595 441 2662 animus
470 2591 590 2658 invasit
628 2612 666 2658 ea
699 2589 845 2678 insania,
891 2598 930 2659 ut
971 2590 1139 2686 quidquid
1179 2603 1267 2662 esset

314 2713 489 2804 antiquum
516 2707 548 2775 id
570 2706 841 2802 pulcherrimum
870 2710 970 2778 simul
996 2724 1031 2781 et
1056 2713 1268 2804 elegantissi-

319 2855 412 2900 mum
436 2851 506 2900 esse
530 2851 593 2922 pro
623 2836 714 2896 certo
739 2838 919 2921 ponerent,
945 2833 1132 2923 pernicioso
1156 2855 1270 2903 errore

315 2949 597 3044 praestantissima
618 2971 772 3040 quaeque
791 2973 869 3018 eum
884 2949 1083 3022 futilissimis
1096 2954 1269 3023 autetiam

316 3068 498 3163 perineptis
535 3065 652 3138 eodem
686 3067 762 3138 locu
796 3071 973 3165 pretioque
1011 3072 1191 3164 habentes,
1229 3099 1270 3146 ex

315 3213 383 3282 qua
405 3189 643 3280 superstitione
666 3188 730 3258 dici
755 3214 825 3260 uon
846 3202 955 3284 potest
976 3218 1079 3286 quam
1103 3195 1270 3266 absurdae

301 3307 490 3402 opiniones
524 3304 567 3373 ad
601 3306 693 3376 hunc
719 3306 808 3376 diem
838 3309 1043 3404 philologiae
1066 3313 1270 3385 inhaereant.

316 3425 463 3501 Maxime,
485 3434 676 3496 nascentem
699 3428 947 3498 Gra'mmatioen
968 3429 1051 3500 haec
1073 3432 1165 3503 lohes
1186 3433 1241 3504 inl
1256 3475 1273 3489 -

317 3546 382 3635 cit,
412 3568 520 3637 quum
540 3547 719 3616 commixta
739 3549 850 3618 omnia
875 3560 986 3620 esseut
1007 3560 1109 3645 atque
1130 3553 1271 3625 confusa

318 3677 353 3738 et
376 3667 550 3736 temeraria
583 3676 813 3738 correctorum
849 3670 966 3740 levitas
993 3673 1077 3742 nihil
1112 3698 1180 3744 non
1208 3675 1272 3743 sihi

319 3788 354 3856 in
380 3794 540 3878 corrupta
576 3787 778 3882 exemplaria
806 3789 935 3860 licitum
969 3801 1113 3885 putaret.
1162 3795 1271 3884 Quid·

321 3903 370 3973 vis
400 3928 463 3998 pro
485 3909 605 3998 quovis
630 3911 710 4001 poui
739 3933 838 4003 posse
866 3921 926 3982 aut
951 3912 1183 4007 reponendum
1201 3939 1272 3986 esse

321 4021 435 4094 faciles
458 4023 639 4096 eredebant
658 4025 854 4121 formaeque
880 4031 1060 4103 verborum
1081 4043 1116 4104 et
1140 4033 1273 4128 siguifi-
