3100 4942
788 526 836 598 56

308 756 432 846 βίβλου,
461 760 522 825 ἥτις
549 745 595 823 ε’ςί
621 744 745 838 δευτέρα
771 752 807 828 τῇ
837 743 921 821 τάξει
947 744 1069 834 εὑρίσκω
1092 745 1181 809 πάλιν
1200 746 1286 835 κατά

310 871 362 938 την
384 862 546 930 αἰτιατικὴν
568 863 679 924 πτῶσιν
702 854 817 919 εἰπόντα
840 851 887 915 τὸν
907 851 1065 945 Ἡρόδοτον
1091 856 1287 925 ἀνέθηκεν

314 976 367 1050 εἰς
399 965 636 1063 Βραγχίδας
667 963 735 1036 τάς
763 960 968 1035 Μιλησίων
998 961 1054 1042 (ll.
1084 961 1172 1043 150.)
1193 963 1289 1030 οὐκέτι

316 1077 363 1149 οὖν
394 1088 475 1170 ᾤμην
500 1080 667 1172 ἁμάρτημα
694 1075 762 1138 εἶναι
789 1071 949 1164 γραφικόν,
973 1069 1096 1134 Ἰωνικόν
1118 1069 1153 1134 δὲ
1176 1072 1288 1156 μάλλον

316 1191 438 1277 ἰδίωμα.
464 1185 562 1254 πολλά
584 1186 644 1275 γάρ
666 1178 741 1249 οὗτοι
761 1190 818 1246 τῶν
838 1183 988 1268 ὀνομάτων
1005 1182 1139 1272 χαίρουσι
1158 1181 1290 1257 θηλυκῶς

317 1298 489 1392 ἐκφέροντες.
537 1293 634 1356 Vides
663 1313 763 1376 quam
793 1292 938 1373 corrupti
968 1290 1045 1350 olim
1075 1290 1193 1353 luerint
1217 1292 1291 1354 libri

318 1419 458 1481 veteres,
493 1422 593 1488 quam
617 1400 774 1462 audacter
796 1409 827 1460 et
848 1399 995 1482 imperite
1016 1418 1035 1460 a
1056 1400 1294 1463 correctoribus
1407 1404 1411 1408 ’

328 1512 522 1598 nterpolati‚
548 1508 636 1572 vides
662 1509 823 1570 nascente
855 1506 980 1567 critices
1008 1505 1187 1583 levitatem,
1219 1531 1295 1572 nam

319 1621 475 1685 levissima
498 1637 564 1680 esse
584 1614 735 1690 fateberis
752 1634 839 1698 quae
858 1613 1087 1698 Aristophanes
1110 1626 1141 1677 et
1158 1617 1295 1681 Alexan·

269 1755 274 1762 ’
320 1729 378 1792 der
400 1737 431 1790 et
449 1725 616 1788 Philemon
634 1724 667 1786 in
686 1724 825 1784 Homero
841 1730 872 1782 et
891 1720 1056 1783 Herodoto
1076 1727 1184 1788 eonati
1207 1738 1291 1790 sunt.

320 1833 444 1897 Felellit
464 1829 684 1892 Alexandrum
708 1829 812 1890 torma
837 1827 1029 1917 Βραγχίδαι,
1053 1852 1152 1913 quam
1175 1854 1293 1919 perpe·

319 1965 389 2005 ram
419 1939 532 2003 habuit
560 1957 621 2023 pro
650 1938 887 2021 patronymica.
928 1937 998 1998 Imo
1030 1958 1105 2008 vero
1132 1943 1296 2006 soloecum

321 2057 368 2112 est
405 2047 498 2132 quod
530 2065 619 2107 nunc
652 2044 769 2129 legitur
813 2044 904 2130 apud
939 2045 1139 2110 Herodotum
1168 2051 1195 2112 l.
1221 2049 1293 2113 158.

322 2155 493 2243 πέμψαντες
514 2147 554 2217 ῶν
580 2151 607 2226 ἐς
635 2150 700 2227 τοὺς
726 2151 900 2242 Βραγχίδας
927 2153 1120 2244 θεοπρόπους,
1145 2156 1200 2218 ubi
1221 2160 1296 2221 satis

322 2274 460 2352 apparet
481 2263 557 2324 olim
577 2261 604 2336 ἐς
618 2259 796 2355 Βραγχίδας
812 2263 968 2346 scriptum
987 2264 1092 2326 luisse.
1121 2265 1295 2330 Coniectu-

320 2395 390 2437 ram
410 2370 635 2457 Aristophanis
661 2372 695 2433 in
719 2370 812 2432 Iliad.
839 2371 885 2434 Ψ.
913 2371 975 2435 127
1002 2374 1123 2456 optime
1149 2376 1298 2438 refutavit

322 2479 539 2555 Aristarchus
560 2478 754 2541 Philemonis
773 2479 807 2539 in
826 2476 921 2538 Iliad.
942 2478 984 2541 Ο.
1004 2477 1072 2540 680
1088 2480 1296 2566 Porphyrius.

322 2590 474 2655 Omnium
501 2590 652 2652 lacillime
676 2589 752 2651 olim
778 2589 811 2652 in
835 2588 1018 2651 nominibus
1044 2591 1183 2674 propriis
1212 2609 1298 2650 erra-

322 2696 430 2761 batur.
468 2697 508 2758 ln
529 2695 753 2779 Aristophanis
777 2692 970 2776 Thesmoph.
1000 2693 1056 2756 161
1081 2716 1129 2778 sq.

480 2800 600 2888 Ἴβυκος
623 2802 725 2876 ἐκεῖνος
748 2803 915 2891 κάνακρέων
937 2802 953 2865 6
974 2804 1061 2878 Τήϊος

479 2911 619 2986 κάλκαῖος
628 2965 641 2997 ,
665 2920 744 3003 οἵπερ
767 2911 907 3004 ἁρμονίαν
929 2910 1070 3000 ἐχύμισαν
1077 2963 1091 2997 ,

481 3019 681 3113 ἐμιτροφόρουν
704 3045 734 3086 τε
758 3021 807 3086 καί
830 3021 979 3088 διεκλῶντ’
1002 3023 1147 3095 Ἰωνικῶς.

326 3125 490 3191 ferebatur
525 3133 557 3193 in
593 3133 819 3217 antiquissimis
855 3133 1025 3196 codicibus
1058 3134 1167 3196 vitiosa
1205 3129 1301 3192 lectio

326 3233 473 3318 κάχαιός,
504 3256 604 3318 quam
627 3237 858 3322 Aristophanes
887 3241 1085 3314 emendavit,
1118 3251 1152 3301 ut
1175 3251 1302 3303 constat

328 3359 367 3402 ex
393 3359 491 3402 aureo
514 3341 654 3405 scholior
684 3345 842 3421 κάλκαῖοςε
877 3345 906 3410 ἐν
932 3347 1009 3422 ἐνίας
1039 3346 1194 3434 Ἀχαιός
1223 3355 1302 3438 γρά-

330 3470 412 3540 φεται
436 3446 485 3513 καί
512 3451 551 3514 τά
578 3450 757 3545 παλαιότερα
782 3457 953 3548 άντίγραρα
979 3460 1067 3531 οὕτως
1096 3459 1184 3544 εἶχεν.
1217 3456 1300 3549 Ἀρι-

331 3562 458 3647 ς-οφάνης
489 3555 520 3622 δ’
549 3557 610 3632 ἐςίν
642 3562 656 3625 6
688 3567 884 3658 μεταγράψας
921 3565 1112 3640 Ἀλκαῖος.
1144 3566 1209 3658 περί
1241 3569 1318 3659 γάρΙ

332 3665 466 3731 παλαιῶν
492 3664 553 3740 ε’ςίν
579 3669 594 3730 6
620 3647 703 3756 λόγος
731 3672 745 3734 6
772 3671 801 3736 δ’
829 3673 950 3759 Ἀχαιός
978 3676 1123 3762 νεώτερος.
1160 3673 1300 3759 Optime.

332 3770 483 3837 Similiter
501 3778 533 3838 in
549 3775 679 3841 Pindari
697 3779 826 3866 Olymp.
846 3783 957 3846 xlma
974 3793 1128 3868 corrupte
1146 3786 1302 3869 scriptum

333 3893 402 3945 erat
435 3885 527 3949 olim:
564 3886 651 3978 περί
686 3888 727 3956 δὲ
762 3890 907 3969 πάξαις
942 3893 1050 3959 Ἀλιν
1082 3891 1147 3980 μὲν
1180 3893 1228 3979 ὅγ’
1267 3890 1304 3961 ἒν

332 3995 498 4084 καθαρῷ
524 3991 708 4086 διέκρινε.
733 4021 842 4066 veram
860 4005 1032 4070 lectionem
1051 4005 1156 4072 Ἀλτιν
1171 4003 1306 4069 feliciter
