3100 4942
711 545 758 618 45

243 790 337 836 oasoa
371 776 485 836 essent.
529 765 693 852 Longinus
725 763 817 850 apud
849 765 1012 832 Walzium
1042 768 1076 833 iu
1104 768 1215 838 uteo.

246 879 301 944 Gr.
320 879 412 942 Tom.
439 879 494 942 IX.
522 900 556 964 p.
575 873 651 940 560.
675 873 826 970 πεφύλαξο
848 874 883 941 δὲ
909 882 967 954 τοῖς
994 877 1059 944 λίαν
1084 882 1217 972 ἀρχαίοις

249 985 299 1052 καί
343 982 429 1064 ξένοις
468 991 527 1051 τῶν
561 985 714 1072 οὐομοίτων
754 987 952 1070 καταμιαίνειν
984 987 1017 1052 τὸ
1046 996 1134 1078 σῶμα
1165 999 1218 1066 τῆς

247 1091 364 1173 λέξεως.
408 1092 440 1156 Is
480 1111 557 1158 vero
594 1091 813 1176 pulcherrime
852 1102 884 1156 et
923 1095 1046 1179 optime
1081 1100 1221 1163 seribere

244 1200 441 1288 putabatur,
475 1197 533 1284 qui
559 1196 702 1283 linguam
728 1207 873 1262 veterum
895 1200 1095 1282 Atticorum,
1119 1230 1221 1292 quam

243 1308 346 1372 multo
382 1307 489 1372 studio
521 1327 560 1370 ex
583 1325 695 1370 eorum
717 1306 806 1370 libris
837 1308 1017 1387 didicerat,
1049 1317 1221 1379 commode

242 1426 371 1506 poterat
399 1416 527 1480 imitari.
561 1414 647 1478 Audi
668 1417 857 1482 suadentem
878 1419 1059 1486 Luoianum
1080 1445 1115 1506 p.
1142 1422 1220 1489 347.

244 1529 322 1620 s⁹rrsp
355 1528 402 1621 ἄρ’
440 1525 551 1600 ἐθέλεις
584 1525 622 1600 ὡς
656 1523 781 1602 ἀληθῶς
819 1527 1005 1595 ἐπαινεῖσθαι
1039 1529 1087 1595 ε’πί
1124 1529 1218 1620 λόγοις

244 1671 288 1684 --
309 1633 473 1724 ἀρξάμενος
494 1632 554 1698 ἀπὸ
581 1639 639 1698 τῶν
668 1633 780 1726 ἀμίς-ων
809 1645 934 1712 ποιητῶν
959 1637 1103 1724 ἀναγνοὺς
1127 1641 1217 1726 μέτιθι

243 1740 291 1808 ε’πί
321 1741 386 1818 τοὺς
416 1742 539 1835 ῥήτορας
571 1739 621 1806 καί
652 1751 687 1828 τῇ
723 1740 833 1810 ἐκείνων
856 1755 934 1838 φωνῇ
966 1746 1140 1841 συντραφείς
1166 1748 1214 1816 ε’πί

245 1855 285 1920 τὰ
319 1850 505 1934 Θουκυδίδου
538 1850 588 1918 καί
620 1851 781 1932 Πλοίτωνος
807 1853 838 1919 ἐν
861 1864 955 1949 καιρῷ
988 1858 1087 1943 μέτιθι
1117 1857 1214 1924 πολλοὶ

246 1961 296 2030 καί
326 1972 362 2050 τῇ
394 1962 470 2048 κοιλῇ
501 1960 646 2053 κωμῳδίᾳ
678 1963 729 2030 καί
754 1975 790 2053 τῇ
827 1977 917 2055 σεμνῇ
947 1963 1100 2059 τραγῳδίᾳ
1130 1965 1216 2055 r'yye·

242 2073 450 2161 γυμνασμίνος.
494 2073 599 2163 παρὰ
639 2071 715 2166 γοὶῘρ
757 2075 903 2142 τούτων
939 2079 1126 2142 ἁπάντων
1168 2077 1214 2142 τὰ

243 2181 418 2256 κοίλλιςοι
448 2181 777 2269 ἀπανθισάμενος
809 2187 875 2272 ἔσῃ
912 2209 969 2259 τις
1001 2184 1039 2249 ἐν
1071 2185 1212 2273 λόγοις.

243 2290 337 2354 Haeo
363 2294 442 2377 ι’ροιι
478 2311 566 2375 quae
592 2291 720 2368 serato,
754 2293 799 2354 ait
830 2293 994 2356 Luoiauus
1018 2294 1061 2357 ad
1093 2305 1216 2361 veteres

243 2398 472 2486 philosophos,
504 2397 562 2483 qui
588 2417 627 2462 ex
649 2397 735 2462 Orco
757 2399 920 2464 redierant
949 2424 983 2486 p.
1005 2402 1090 2479 575,
1124 2405 1216 2467 πόθεν

242 2507 371 2574 ἄλλοθεν
389 2507 406 2578 ἢ
430 2503 501 2598 παρ’
515 2504 597 2594 ὑμῶν
611 2505 714 2592 λαβὼν
730 2506 781 2572 καί
798 2509 878 2572 κατὰ
896 2511 947 2579 τιν
963 2507 1103 2595 μὶΛιττκν
1118 2513 1214 2576 ιίποιν

241 2620 400 2706 θισοίμενος
426 2613 623 2701 ἐπιδείκνυμαι
654 2618 712 2690 τοῖς
737 2617 907 2706 ἀνθρώποις
912 2644 926 2701 ,·
956 2617 982 2681 οἱ
1006 2614 1037 2682 δ’
1066 2617 1213 2684 ἐπαινοῦσι

242 2726 292 2796 καὶ
315 2727 499 2818 γνωρίζουσιν
520 2726 626 2798 ἕκοιςον
653 2724 686 2790 τὸ
707 2727 799 2800 ἄνθος
823 2728 893 2792 ὅθεν
914 2725 963 2791 καί
986 2729 1055 2821 παρ’
1075 2735 1142 2796 ὅτου
1161 2729 1211 2796 καί
1304 2809 1313 2818 ι

240 2842 319 2912 ὅπως
341 2832 528 2922 σι’νελεξοίμυν
553 2831 603 2898 καί
626 2832 704 2924 λόγῳ
732 2833 784 2922 μὲν
800 2832 852 2922 ε’μὲ
869 2834 993 2914 ζηλοῦσι
1011 2846 1064 2914 τῆς
1081 2839 1211 2904 οίνθολο·

242 2946 308 3034 γίας
325 2943 358 3010 τὸ
381 2941 412 3009 δ’
431 2941 543 3018 οἰληθὶς
565 2940 643 3029 ὑμεῖς
661 2942 710 3010 κοιί
730 2943 779 3008 τὸν
797 2944 923 3032 λειμῶνα
941 2947 990 3012 τὸν
1007 2946 1164 3040 ὑμέτερον,
1186 2951 1213 3016 οἳ

241 3054 348 3121 τοιαῦτ’
366 3052 547 3132 ἐξηνθήκατε
565 3051 680 3118 ποικιλιι
701 3050 751 3116 καὶ
771 3051 910 3126 πολυειδῆ
931 3056 986 3130 τοὶς
1008 3055 1109 3146 βαφὰς
1126 3061 1154 3125 εἴ
1167 3086 1211 3138 τις

183 3143 188 3152 ’
241 3161 455 3242 οἷνοιλέξοισθοιί
467 3162 493 3232 τ’
512 3160 590 3227 αὐτοὶ
611 3158 743 3235 ἐπίςκιτο
764 3160 815 3228 καί
832 3165 995 3244 averterat
1014 3168 1064 3234 καί
1082 3173 1211 3261 ἁρμόσαι

241 3275 279 3350 ὡς
299 3277 340 3362 μὴ
362 3269 492 3358 οἰπᾴδιιν
515 3271 635 3360 θάτερον
661 3270 794 3362 θατέρου.
830 3273 951 3339 Verum
976 3275 1057 3340 nihil
1085 3298 1125 3340 ex
1147 3278 1212 3344 boo

239 3384 400 3448 laborioso
424 3380 563 3449 artifieio
587 3382 678 3444 nasei
700 3389 849 3466 poterat,
883 3382 976 3466 quod
997 3403 1064 3448 non
1086 3385 1213 3472 langui·

240 3493 320 3557 dum
341 3500 372 3554 et
392 3511 525 3577 aegrum
546 3498 626 3554 esset
647 3498 681 3552 et
699 3488 863 3552 fastidium
882 3502 1011 3575 pareret
1030 3500 1072 3580 τῷ
1086 3497 1210 3561 συνειθι-

241 3603 337 3691 σμένῳ
348 3652 361 3685 ,
384 3607 419 3662 ut
441 3597 552 3662 scribit
571 3598 735 3681 Longinus
751 3621 785 3682 p.
806 3598 886 3676 eol,
910 3609 968 3667 τῶν
984 3602 1141 3693 εὐρύθμων
1159 3604 1208 3670 καί

240 3708 522 3798 οίποτετορνενμίνωυ
546 3703 597 3772 καί
616 3707 789 3798 ςρογμύλων
809 3707 1021 3798 οίποδέχοσθοιι
1042 3713 1135 3801 λόγων
1158 3712 1209 3778 καὶ

238 3821 414 3914 τετριμμένῳ
435 3819 474 3882 τὰ
493 3812 557 3884 ὦτα
578 3817 647 3909 πρὸς
670 3820 723 3888 τὴν
742 3818 871 3885 σύνθεσιν
894 3826 953 3886 τῶν
975 3845 1006 3887 τε
1024 3829 1139 3907 σεμνῶν
1158 3820 1207 3886 καί

238 3931 387 4023 α’ρχοιίων.
422 3926 524 3990 Satias
549 3926 637 4012 capit
660 3927 803 3990 animum
825 3926 881 3990 ubi
904 3949 959 3992 eos
981 3928 1068 3995 vides
1086 3930 1208 4014 simpli·

237 4058 307 4102 cem
348 4057 386 4101 ao
420 4032 527 4096 tritam
560 4033 748 4098 sententiam
782 4033 914 4118 loquaci
943 4047 1206 4104 ornamentorum
