3100 4942
776 527 899 659 78¹

308 805 444 873 Ἀπόλλω
468 802 518 870 καὶ
545 804 596 870 τόν
621 806 717 894 ἔρωτα
740 839 785 853 -
805 804 1047 895 ἐπαγγείλασθαι
1070 814 1118 882 τὸν
1145 818 1282 890 Ἀπόλλω

306 950 352 961 -
369 917 498 1007 rrpo‘iorav
528 917 704 984 πεποιῆσθαι
725 914 773 980 τὸν
797 915 945 984 ’tuoto
981 922 1077 1005 §dh
1102 926 1173 993 αλλ’
1195 932 1283 997 αὐτὸν

306 1027 393 1099 ὅντως
417 1025 465 1091 τὸν
489 1024 637 1091 'teoto
674 1024 796 1089 Verum
817 1027 851 1088 in
870 1030 1019 1093 omnibus
1041 1032 1091 1096 his
1109 1038 1190 1103 locis
1209 1044 1285 1107 scri.

304 1189 397 1266 ptum
420 1191 465 1242 est
487 1181 518 1242 in
542 1177 624 1241 cod.
648 1137 769 1263 α’πολλ,
801 1174 994 1244 adhaerente
1019 1184 1182 1255 interdum
1205 1194 1281 1256 uiti-

304 1312 377 1353 moe
398 1290 508 1353 literae
528 1288 546 1354 λ
564 1310 601 1351 ee
621 1287 757 1364 lineola,
783 1309 870 1371 quae
891 1290 1041 1356 omissum
1063 1319 1129 1363 esse
1155 1303 1281 1388 ahquid

301 1443 436 1508 indicat.
470 1442 622 1503 Similiter
651 1444 701 1504 τοῦ
727 1400 844 1525 circii),
875 1450 918 1528 τῷ
941 1407 1041 1513 σῖπολλ)
1062 1450 1157 1515 scribi
1185 1456 1276 1521 solet.

302 1550 424 1615 Eodem
448 1548 547 1613 modo
568 1557 657 1611 ortus
680 1556 725 1609 est
756 1546 914 1612 ridiculus
936 1573 1025 1618 error
1043 1557 1079 1621 in
1097 1560 1170 1623 ioco
1192 1562 1279 1627 Lon-

299 1660 365 1747 gini
391 1661 425 1724 in
453 1660 572 1725 Walzii
595 1660 709 1725 Rhett.
738 1657 792 1723 Gr.
815 1659 872 1725 IX.
896 1686 929 1749 p.
950 1664 1026 1730 583.
1051 1676 1125 1738 κινεῖ
1137 1673 1217 1740 ἔλεον
1231 1713 1275 1724 -

199 1806 212 1829 ι
303 1767 433 1862 Όμηρος
452 1767 499 1837 ἐπὶ
521 1781 574 1847 τῆς
596 1768 821 1863 Ἀνδρομάχης

360 1882 415 1945 καί
432 1907 480 1947 κεν
501 1882 530 1947 ἐν
551 1881 655 1972 Ἀργει
676 1876 764 1943 ἐοῦσα
787 1877 855 1971 πρὸς
877 1881 971 1958 ἄλλης
995 1885 1055 1961 ἱςόν
1076 1888 1211 1983 ὑφαὰιοις,

298 1991 351 2057 καὶ
376 1994 416 2059 τά
437 1993 503 2073 ἑξῆς
529 2002 648 2061 ἅπαντα
672 1992 711 2056 roi
741 1989 811 2058 ὑπὸ
839 1997 905 2057 τοῦ
931 1993 1044 2072 ἐκτὸς
1074 2000 1205 2090 εἰρημένα
1227 2002 1275 2069 τὸν

299 2102 380 2169 ἔλεον
404 2106 451 2171 τὸν
472 2113 524 2181 τῆς
545 2102 753 2195 Ἀνδρομάχης
780 2103 863 2166 κινεῖ.
886 2105 1008 2187 optime
1030 2107 1206 2173 Finckhius
1227 2113 1277 2177 vir

298 2218 470 2300 perspicax
491 2216 627 2281 restituit
649 2211 704 2277 ὑπὸ
727 2218 777 2277 τοῦ
802 2209 957 2304 Έκτορος.
982 2215 1144 2303 sed.quid
1173 2221 1274 2285 facias

296 2321 445 2401 librario,
481 2325 538 2410 qui
567 2343 669 2406 quum
699 2322 732 2383 in
757 2341 796 2383 eo
824 2321 899 2384 loco
926 2320 969 2383 oh
997 2324 1111 2389 oculos
1139 2326 1273 2391 heberet

294 2434 486 2519 scriptoram
508 2433 608 2511 hene,
630 2453 716 2519 quoe
734 2433 766 2495 in
784 2433 909 2517 optimo
927 2430 1009 2495 Cod.
1030 2433 1135 2521 Regio
1153 2446 1271 2515 exstet,

295 2560 351 2626 ὑπὸ
372 2569 422 2628 τοῦ
452 2549 501 2633 ini
524 2568 664 2651 potuerit
687 2564 769 2640 ἐκτός
792 2565 943 2630 scrihere.
979 2566 1064 2629 Nihit
1084 2577 1190 2631 autem
1210 2570 1271 2633 mi-

292 2674 431 2738 randum
453 2676 485 2739 in
512 2676 568 2751 iis,
593 2677 649 2762 qui
674 2686 850 2761 potuerunt
878 2675 959 2738 serio
986 2674 1126 2739 scribere
1149 2677 1183 2739 in
1205 2676 1270 2740 tte·

293 2784 420 2846 nondro
445 2786 574 2849 rhetore
605 2786 694 2870 apud
721 2786 828 2849 Watz.
853 2784 922 2848 ibid
945 2811 978 2871 p.
1007 2787 1082 2849 251,
1118 2785 1269 2853 Ἀπόλλων

294 2890 411 2982 λέγεται
423 2930 468 2973 7-
486 2896 621 2962 Πύὲιωνα
641 2894 690 2961 καὶ
715 2894 895 2986 Τηλεφῶντα
917 2894 1058 2987 ἀδελφοὺς
1079 2901 1186 2963 κτεῖναι
1206 2900 1266 2974 τοῖς

294 3003 421 3091 βελεσιν.
445 3004 532 3067 unde
558 3006 591 3067 in
621 3004 739 3068 Waizii
769 3003 878 3067 indice
906 3005 1049 3067 occurrit
1082 3004 1265 3093 Telephon,

292 3109 465 3197 Pythonis
502 3110 621 3193 frater
654 3137 687 3197 p.
718 3112 785 3175 655
816 3134 917 3198 ocyus
950 3112 1154 3186 eximendus,
1191 3135 1267 3177 nam

200 3208 204 3221 ’
292 3240 368 3285 rem
387 3220 483 3282 lectio
502 3240 520 3282 e
542 3220 656 3283 codice
676 3220 781 3304 Regio
799 3219 877 3283 mihi
897 3231 1024 3304 reperta
1047 3232 1107 3285 est:
1132 3222 1267 3287 Πύθωνα

293 3328 485 3417 κατειληφότα
506 3328 646 3419 Δελφούς.
679 3327 847 3392 Contrario
867 3349 974 3391 errore
993 3352 1026 3414 p.
1044 3326 1112 3392 250
1132 3331 1264 3416 legiturt

293 3440 357 3527 ἰδίᾳ
376 3440 485 3533 Δελφοῖ
497 3436 613 3523 daddo
629 3440 772 3504 Moesi:
799 3436 885 3501 unde
897 3459 1006 3511 nem0‚
1028 3459 1135 3522 spero.
1159 3438 1271 3531 Δελφοῖ

294 3552 404 3616 credet
428 3573 493 3614 esse
516 3550 686 3614 Graecum.
721 3548 847 3613 Codex:
880 3548 942 3633 ἰδίᾳ
970 3546 1004 3613 δὲ
1029 3548 1162 3641 φοιβάζει
1179 3548 1266 3614 Mov-

289 3668 362 3726 σῶν.
395 3660 486 3723 idem
509 3659 621 3723 rhetor
642 3660 780 3742 putrium
806 3657 972 3720 celebrans
994 3655 1104 3720 scribit
1133 3680 1168 3741 p.
1187 3656 1265 3720 313.

296 3770 339 3841 τίς
359 3767 420 3859 γάρ
437 3765 560 3861 Ἰβηρίσι
586 3767 769 3861 παρατυχὼν
790 3766 808 3835 h
831 3764 916 3855 παρὰ
937 3764 1140 3858 Λωτοφάγους
1163 3767 1263 3858 α’φικό·

293 3903 376 3967 μενος
401 3878 452 3944 οὐκ
478 3879 514 3943 ἂν
540 3877 618 3965 ὑμᾶς
639 3884 858 3971 προτιμήσειενι
887 3877 990 3939 codex
1015 3876 1059 3938 nit
1083 3874 1160 3938 boni
1180 3886 1266 3939 ottu-

293 3988 339 4052 lit.
375 3986 439 4052 Sed
461 3985 543 4073 quid
571 3988 741 4051 codicibus
762 4008 846 4073 opus
868 3996 930 4062 est,
964 3984 1264 4058 utrestituomusii

290 4096 410 4189 Σειρῆσι
444 4096 634 4189 πιριτυχώνΡ
670 4095 862 4160 Huiusmodi
894 4104 1001 4160 tamen
1035 4094 1265 4159 homunciones
