<?xml version="1.0" encoding="UTF-8"?>
<!DOCTYPE html PUBLIC "-//W3C//DTD XHTML 1.0 Transitional//EN"
    "http://www.w3.org/TR/xhtml1/DTD/xhtml1-transitional.dtd">
<html xmlns="http://www.w3.org/1999/xhtml" xml:lang="en" lang="en">
 <head>
  <title>
</title>
<meta http-equiv="Content-Type" content="text/html;charset=utf-8" />
  <meta name='ocr-system' content='tesseract 3.04.00' />
  <meta name='ocr-capabilities' content='ocr_page ocr_carea ocr_par ocr_line ocrx_word'/>
</head>
<body>
  <div class='ocr_page' id='page_1' title='image "./oratiodearteint00cobegoog_0030.png"; bbox 0 0 3100 4942; ppageno 0'>
   <div class='ocr_carea' id='block_1_1' title="bbox 789 523 839 594">
    <p class='ocr_par' dir='ltr' id='par_1_1' title="bbox 789 523 839 594">
     <span class='ocr_line' id='line_1_1' title="bbox 789 523 839 594; baseline 0 0"><span class='ocrx_word' id='word_1_1' title='bbox 789 523 839 594; x_wconf 61' lang='grc' dir='ltr'><em>Ἡ</em></span> 
     </span>
    </p>
   </div>
   <div class='ocr_carea' id='block_1_2' title="bbox 304 744 1317 2040">
    <p class='ocr_par' dir='ltr' id='par_1_2' title="bbox 304 744 1317 2040">
     <span class='ocr_line' id='line_1_2' title="bbox 304 744 1255 838; baseline -0.002 -22"><span class='ocrx_word' id='word_1_2' title='bbox 304 748 430 818; x_wconf 89' lang='lat' dir='ltr'>incerta</span> <span class='ocrx_word' id='word_1_3' title='bbox 451 744 655 814; x_wconf 83' lang='lat' dir='ltr'>divinatione</span> <span class='ocrx_word' id='word_1_4' title='bbox 676 763 857 836; x_wconf 88' lang='lat' dir='ltr'>possumus</span> <span class='ocrx_word' id='word_1_5' title='bbox 875 746 1048 838; x_wconf 86' lang='lat' dir='ltr'>expiscari.</span> <span class='ocrx_word' id='word_1_6' title='bbox 1082 744 1255 815; x_wconf 88' lang='lat' dir='ltr'>Praeterea</span> 
     </span>
     <span class='ocr_line' id='line_1_3' title="bbox 305 862 1256 959; baseline -0.006 -21"><span class='ocrx_word' id='word_1_7' title='bbox 305 868 447 938; x_wconf 89' lang='lat' dir='ltr'>lectores</span> <span class='ocrx_word' id='word_1_8' title='bbox 463 862 554 933; x_wconf 84' lang='lat' dir='ltr'>docti</span> <span class='ocrx_word' id='word_1_9' title='bbox 573 862 768 956; x_wconf 82' lang='lat' dir='ltr'>indoctique</span> <span class='ocrx_word' id='word_1_10' title='bbox 786 866 910 959; x_wconf 88' lang='lat' dir='ltr'>passim</span> <span class='ocrx_word' id='word_1_11' title='bbox 929 868 964 935; x_wconf 90' lang='lat' dir='ltr'>in</span> <span class='ocrx_word' id='word_1_12' title='bbox 983 866 1148 936; x_wconf 87' lang='lat' dir='ltr'>librorum</span> <span class='ocrx_word' id='word_1_13' title='bbox 1166 888 1256 933; x_wconf 91' lang='lat' dir='ltr'>mar-</span> 
     </span>
     <span class='ocr_line' id='line_1_4' title="bbox 307 983 1260 1080; baseline -0.001 -27"><span class='ocrx_word' id='word_1_14' title='bbox 307 983 441 1080; x_wconf 83' lang='lat' dir='ltr'>ginibus</span> <span class='ocrx_word' id='word_1_15' title='bbox 463 983 662 1054; x_wconf 85' lang='lat' dir='ltr'>adleverunt</span> <span class='ocrx_word' id='word_1_16' title='bbox 683 983 812 1077; x_wconf 90' lang='lat' dir='ltr'>aliquid</span> <span class='ocrx_word' id='word_1_17' title='bbox 834 985 1085 1080; x_wconf 81' lang='lat' dir='ltr'>explicationis,</span> <span class='ocrx_word' id='word_1_18' title='bbox 1113 986 1140 1054; x_wconf 90' lang='lat' dir='ltr'>si</span> <span class='ocrx_word' id='word_1_19' title='bbox 1163 983 1260 1078; x_wconf 89' lang='lat' dir='ltr'>qnod.</span> 
     </span>
     <span class='ocr_line' id='line_1_5' title="bbox 308 1085 1259 1200; baseline -0.001 -25"><span class='ocrx_word' id='word_1_20' title='bbox 308 1107 485 1200; x_wconf 88' lang='lat' dir='ltr'>antiquum</span> <span class='ocrx_word' id='word_1_21' title='bbox 513 1106 565 1176; x_wconf 87' lang='lat' dir='ltr'>vel</span> <span class='ocrx_word' id='word_1_22' title='bbox 591 1107 699 1174; x_wconf 86' lang='lat' dir='ltr'>rarius</span> <span class='ocrx_word' id='word_1_23' title='bbox 725 1085 930 1176; x_wconf 86' lang='lat' dir='ltr'>vocabulum</span> <span class='ocrx_word' id='word_1_24' title='bbox 952 1107 1009 1177; x_wconf 84' lang='lat' dir='ltr'>-vel</span> <span class='ocrx_word' id='word_1_25' title='bbox 1034 1106 1172 1198; x_wconf 90' lang='lat' dir='ltr'>antiqua</span> <span class='ocrx_word' id='word_1_26' title='bbox 1190 1104 1259 1174; x_wconf 92' lang='lat' dir='ltr'>dia·</span> 
     </span>
     <span class='ocr_line' id='line_1_6' title="bbox 305 1224 1258 1320; baseline -0.004 -24"><span class='ocrx_word' id='word_1_27' title='bbox 305 1226 415 1297; x_wconf 91' lang='lat' dir='ltr'>lectus</span> <span class='ocrx_word' id='word_1_28' title='bbox 449 1225 501 1296; x_wconf 89' lang='lat' dir='ltr'>vel</span> <span class='ocrx_word' id='word_1_29' title='bbox 536 1249 659 1296; x_wconf 90' lang='lat' dir='ltr'>nomen</span> <span class='ocrx_word' id='word_1_30' title='bbox 693 1225 869 1320; x_wconf 89' lang='lat' dir='ltr'>proprium</span> <span class='ocrx_word' id='word_1_31' title='bbox 905 1234 1113 1297; x_wconf 82' lang='lat' dir='ltr'>occurreret:</span> <span class='ocrx_word' id='word_1_32' title='bbox 1149 1224 1202 1293; x_wconf 85' lang='lat' dir='ltr'>vel</span> <span class='ocrx_word' id='word_1_33' title='bbox 1232 1225 1258 1292; x_wconf 94' lang='lat' dir='ltr'>si</span> 
     </span>
     <span class='ocr_line' id='line_1_7' title="bbox 309 1343 1262 1440; baseline -0.003 -25"><span class='ocrx_word' id='word_1_34' title='bbox 309 1344 393 1440; x_wconf 94' lang='lat' dir='ltr'>quid</span> <span class='ocrx_word' id='word_1_35' title='bbox 420 1344 463 1414; x_wconf 87' lang='lat' dir='ltr'>ad</span> <span class='ocrx_word' id='word_1_36' title='bbox 489 1347 685 1415; x_wconf 81' lang='lat' dir='ltr'>sententiam</span> <span class='ocrx_word' id='word_1_37' title='bbox 703 1344 941 1438; x_wconf 87' lang='lat' dir='ltr'>explicandam·</span> <span class='ocrx_word' id='word_1_38' title='bbox 959 1353 1017 1414; x_wconf 88' lang='lat' dir='ltr'>aut</span> <span class='ocrx_word' id='word_1_39' title='bbox 1035 1343 1262 1439; x_wconf 75' lang='lat' dir='ltr'>supplendam</span> 
     </span>
     <span class='ocr_line' id='line_1_8' title="bbox 310 1464 1261 1538; baseline -0.004 -1"><span class='ocrx_word' id='word_1_40' title='bbox 310 1467 373 1538; x_wconf 88' lang='lat' dir='ltr'>sibi</span> <span class='ocrx_word' id='word_1_41' title='bbox 395 1465 599 1537; x_wconf 90' lang='lat' dir='ltr'>monendum</span> <span class='ocrx_word' id='word_1_42' title='bbox 618 1466 804 1535; x_wconf 85' lang='lat' dir='ltr'>videretur:</span> <span class='ocrx_word' id='word_1_43' title='bbox 828 1465 882 1536; x_wconf 86' lang='lat' dir='ltr'>vel</span> <span class='ocrx_word' id='word_1_44' title='bbox 901 1465 1062 1536; x_wconf 88' lang='lat' dir='ltr'>iudicium</span> <span class='ocrx_word' id='word_1_45' title='bbox 1083 1489 1184 1535; x_wconf 91' lang='lat' dir='ltr'>suum</span> <span class='ocrx_word' id='word_1_46' title='bbox 1205 1464 1261 1533; x_wconf 87' lang='lat' dir='ltr'>ad.-</span> 
     </span>
     <span class='ocr_line' id='line_1_9' title="bbox 309 1584 1263 1680; baseline -0.003 -23"><span class='ocrx_word' id='word_1_47' title='bbox 309 1587 534 1679; x_wconf 89' lang='lat' dir='ltr'>scripsernnt,</span> <span class='ocrx_word' id='word_1_48' title='bbox 572 1585 632 1656; x_wconf 93' lang='lat' dir='ltr'>ubi</span> <span class='ocrx_word' id='word_1_49' title='bbox 668 1585 847 1656; x_wconf 88' lang='lat' dir='ltr'>videbatur</span> <span class='ocrx_word' id='word_1_50' title='bbox 884 1584 1013 1680; x_wconf 91' lang='lat' dir='ltr'>aliquid</span> <span class='ocrx_word' id='word_1_51' title='bbox 1053 1586 1263 1655; x_wconf 91' lang='lat' dir='ltr'>laudandum</span> 
     </span>
     <span class='ocr_line' id='line_1_10' title="bbox 309 1703 1264 1801; baseline -0.005 -23"><span class='ocrx_word' id='word_1_52' title='bbox 309 1715 370 1778; x_wconf 85' lang='lat' dir='ltr'>aut</span> <span class='ocrx_word' id='word_1_53' title='bbox 394 1704 623 1801; x_wconf 89' lang='lat' dir='ltr'>carpendum:</span> <span class='ocrx_word' id='word_1_54' title='bbox 655 1729 742 1799; x_wconf 91' lang='lat' dir='ltr'>qnae</span> <span class='ocrx_word' id='word_1_55' title='bbox 771 1707 882 1774; x_wconf 90' lang='lat' dir='ltr'>omnia</span> <span class='ocrx_word' id='word_1_56' title='bbox 917 1703 1085 1799; x_wconf 87' lang='lat' dir='ltr'>adscripta</span> <span class='ocrx_word' id='word_1_57' title='bbox 1114 1707 1264 1800; x_wconf 89' lang='lat' dir='ltr'>primum</span> 
     </span>
     <span class='ocr_line' id='line_1_11' title="bbox 310 1806 1317 1918; baseline -0.005 -21"><span class='ocrx_word' id='word_1_58' title='bbox 310 1835 371 1896; x_wconf 91' lang='lat' dir='ltr'>aut</span> <span class='ocrx_word' id='word_1_59' title='bbox 396 1825 622 1918; x_wconf 86' lang='lat' dir='ltr'>superscripta</span> <span class='ocrx_word' id='word_1_60' title='bbox 653 1823 790 1892; x_wconf 84' lang='lat' dir='ltr'>tandem</span> <span class='ocrx_word' id='word_1_61' title='bbox 821 1825 1029 1915; x_wconf 88' lang='lat' dir='ltr'>irrepserunt</span> <span class='ocrx_word' id='word_1_62' title='bbox 1053 1806 1089 1891; x_wconf 76' lang='lat' dir='ltr'>in&#39;</span> <span class='ocrx_word' id='word_1_63' title='bbox 1112 1833 1262 1914; x_wconf 83' lang='lat' dir='ltr'>textum,</span> <span class='ocrx_word' id='word_1_64' title='bbox 1312 1836 1317 1846; x_wconf 87' lang='lat'><em>&#39;</em></span> 
     </span>
     <span class='ocr_line' id='line_1_12' title="bbox 309 1939 1265 2040; baseline -0.003 -24"><span class='ocrx_word' id='word_1_65' title='bbox 309 1945 459 2040; x_wconf 82' lang='lat' dir='ltr'>expulsis</span> <span class='ocrx_word' id='word_1_66' title='bbox 476 1966 575 2035; x_wconf 82' lang='lat' dir='ltr'>saepe</span> <span class='ocrx_word' id='word_1_67' title='bbox 592 1941 745 2034; x_wconf 83' lang='lat' dir='ltr'>genuinis</span> <span class='ocrx_word' id='word_1_68' title='bbox 763 1939 992 2030; x_wconf 76' lang='lat' dir='ltr'>succedentia,</span> <span class='ocrx_word' id='word_1_69' title='bbox 1015 1963 1114 2036; x_wconf 87' lang='lat' dir='ltr'>saepe</span> <span class='ocrx_word' id='word_1_70' title='bbox 1130 1943 1165 2012; x_wconf 91' lang='lat' dir='ltr'>in</span> <span class='ocrx_word' id='word_1_71' title='bbox 1187 1944 1265 2013; x_wconf 91' lang='lat' dir='ltr'>alie-</span> 
     </span>
    </p>
   </div>
   <div class='ocr_carea' id='block_1_3' title="bbox 194 2058 1263 2159">
    <p class='ocr_par' dir='ltr' id='par_1_3' title="bbox 194 2058 1263 2159">
     <span class='ocr_line' id='line_1_13' title="bbox 194 2058 1263 2159; baseline -0.003 -22"><span class='ocrx_word' id='word_1_72' title='bbox 194 2071 197 2082; x_wconf 87' lang='lat'>&#39;</span> <span class='ocrx_word' id='word_1_73' title='bbox 220 2060 222 2064; x_wconf 39' lang='lat'>¹</span> <span class='ocrx_word' id='word_1_74' title='bbox 306 2089 390 2135; x_wconf 90' lang='lat' dir='ltr'>num</span> <span class='ocrx_word' id='word_1_75' title='bbox 413 2063 528 2134; x_wconf 89' lang='lat' dir='ltr'>locum</span> <span class='ocrx_word' id='word_1_76' title='bbox 544 2063 668 2132; x_wconf 90' lang='lat' dir='ltr'>inserta</span> <span class='ocrx_word' id='word_1_77' title='bbox 689 2083 895 2154; x_wconf 85' lang='lat' dir='ltr'>sensumque</span> <span class='ocrx_word' id='word_1_78' title='bbox 918 2058 1100 2133; x_wconf 85' lang='lat' dir='ltr'>turbantia.</span> <span class='ocrx_word' id='word_1_79' title='bbox 1136 2064 1263 2159; x_wconf 87' lang='lat' dir='ltr'>Super-</span> 
     </span>
    </p>
   </div>
   <div class='ocr_carea' id='block_1_4' title="bbox 309 2179 1277 3961">
    <p class='ocr_par' dir='ltr' id='par_1_4' title="bbox 309 2179 1277 3961">
     <span class='ocr_line' id='line_1_14' title="bbox 311 2179 1266 2276; baseline -0.001 -21"><span class='ocrx_word' id='word_1_80' title='bbox 311 2207 452 2270; x_wconf 86' lang='lat' dir='ltr'>venere,</span> <span class='ocrx_word' id='word_1_81' title='bbox 478 2188 611 2275; x_wconf 86' lang='lat' dir='ltr'>reperta</span> <span class='ocrx_word' id='word_1_82' title='bbox 636 2189 707 2250; x_wconf 90' lang='lat' dir='ltr'>arte</span> <span class='ocrx_word' id='word_1_83' title='bbox 732 2179 996 2274; x_wconf 81' lang='lat' dir='ltr'>typographica,</span> <span class='ocrx_word' id='word_1_84' title='bbox 1028 2184 1127 2276; x_wconf 88' lang='lat' dir='ltr'>primi</span> <span class='ocrx_word' id='word_1_85' title='bbox 1152 2184 1266 2254; x_wconf 85' lang='lat' dir='ltr'>edito-</span> 
     </span>
     <span class='ocr_line' id='line_1_15' title="bbox 310 2300 1268 2400; baseline 0.002 -25"><span class='ocrx_word' id='word_1_86' title='bbox 310 2328 382 2394; x_wconf 73' lang='lat' dir='ltr'>reS,</span> <span class='ocrx_word' id='word_1_87' title='bbox 407 2303 499 2373; x_wconf 90' lang='lat' dir='ltr'>docti</span> <span class='ocrx_word' id='word_1_88' title='bbox 523 2324 602 2371; x_wconf 90' lang='lat' dir='ltr'>sane</span> <span class='ocrx_word' id='word_1_89' title='bbox 626 2300 780 2370; x_wconf 89' lang='lat' dir='ltr'>homines</span> <span class='ocrx_word' id='word_1_90' title='bbox 808 2310 848 2369; x_wconf 92' lang='lat' dir='ltr'>ut</span> <span class='ocrx_word' id='word_1_91' title='bbox 874 2324 937 2393; x_wconf 84' lang='lat' dir='ltr'>pro</span> <span class='ocrx_word' id='word_1_92' title='bbox 960 2301 1028 2370; x_wconf 90' lang='lat' dir='ltr'>illis</span> <span class='ocrx_word' id='word_1_93' title='bbox 1055 2306 1268 2400; x_wconf 83' lang='lat' dir='ltr'>temporibus</span> 
     </span>
     <span class='ocr_line' id='line_1_16' title="bbox 309 2421 1268 2519; baseline 0.002 -22"><span class='ocrx_word' id='word_1_94' title='bbox 309 2435 344 2498; x_wconf 90' lang='lat' dir='ltr'>et</span> <span class='ocrx_word' id='word_1_95' title='bbox 361 2425 553 2519; x_wconf 85' lang='lat' dir='ltr'>diligentes,</span> <span class='ocrx_word' id='word_1_96' title='bbox 581 2422 638 2493; x_wconf 89' lang='lat' dir='ltr'>sed</span> <span class='ocrx_word' id='word_1_97' title='bbox 661 2421 813 2492; x_wconf 89' lang='lat' dir='ltr'>destituti</span> <span class='ocrx_word' id='word_1_98' title='bbox 830 2447 869 2492; x_wconf 86' lang='lat' dir='ltr'>ea</span> <span class='ocrx_word' id='word_1_99' title='bbox 887 2427 1095 2496; x_wconf 84' lang='lat' dir='ltr'>accuratiore</span> <span class='ocrx_word' id='word_1_100' title='bbox 1115 2429 1268 2503; x_wconf 87' lang='lat' dir='ltr'>doctrina</span> 
     </span>
     <span class='ocr_line' id='line_1_17' title="bbox 312 2541 1269 2642; baseline 0.001 -25"><span class='ocrx_word' id='word_1_101' title='bbox 312 2549 381 2642; x_wconf 86' lang='lat' dir='ltr'>qua</span> <span class='ocrx_word' id='word_1_102' title='bbox 403 2568 496 2616; x_wconf 90' lang='lat' dir='ltr'>nunc</span> <span class='ocrx_word' id='word_1_103' title='bbox 514 2551 591 2637; x_wconf 91' lang='lat' dir='ltr'>post</span> <span class='ocrx_word' id='word_1_104' title='bbox 616 2541 779 2613; x_wconf 86' lang='lat' dir='ltr'>indelessa</span> <span class='ocrx_word' id='word_1_105' title='bbox 798 2544 901 2613; x_wconf 91' lang='lat' dir='ltr'>trium</span> <span class='ocrx_word' id='word_1_106' title='bbox 923 2546 1137 2616; x_wconf 89' lang='lat' dir='ltr'>saeculorum</span> <span class='ocrx_word' id='word_1_107' title='bbox 1159 2547 1269 2619; x_wconf 90' lang='lat' dir='ltr'>studia</span> 
     </span>
     <span class='ocr_line' id='line_1_18' title="bbox 313 2665 1270 2761; baseline 0.006 -25"><span class='ocrx_word' id='word_1_108' title='bbox 313 2665 512 2761; x_wconf 83' lang='lat' dir='ltr'>gaudemus.</span> <span class='ocrx_word' id='word_1_109' title='bbox 558 2665 601 2734; x_wconf 91' lang='lat' dir='ltr'>Hi</span> <span class='ocrx_word' id='word_1_110' title='bbox 627 2689 879 2759; x_wconf 90' lang='lat' dir='ltr'>quemcumque</span> <span class='ocrx_word' id='word_1_111' title='bbox 903 2670 1052 2760; x_wconf 88' lang='lat' dir='ltr'>primum</span> <span class='ocrx_word' id='word_1_112' title='bbox 1077 2671 1227 2741; x_wconf 90' lang='lat' dir='ltr'>codicem</span> <span class='ocrx_word' id='word_1_113' title='bbox 1249 2697 1270 2742; x_wconf 90' lang='lat' dir='ltr'>e</span> 
     </span>
     <span class='ocr_line' id='line_1_19' title="bbox 313 2784 1270 2883; baseline 0.005 -28"><span class='ocrx_word' id='word_1_114' title='bbox 313 2787 381 2855; x_wconf 87' lang='lat' dir='ltr'>situ</span> <span class='ocrx_word' id='word_1_115' title='bbox 412 2791 448 2856; x_wconf 90' lang='lat' dir='ltr'>et</span> <span class='ocrx_word' id='word_1_116' title='bbox 472 2784 631 2879; x_wconf 88' lang='lat' dir='ltr'>squalore</span> <span class='ocrx_word' id='word_1_117' title='bbox 655 2792 866 2883; x_wconf 83' lang='lat' dir='ltr'>protractum</span> <span class='ocrx_word' id='word_1_118' title='bbox 891 2787 948 2857; x_wconf 82' lang='lat' dir='ltr'>rili</span> <span class='ocrx_word' id='word_1_119' title='bbox 977 2791 1086 2883; x_wconf 89' lang='lat' dir='ltr'>pretio</span> <span class='ocrx_word' id='word_1_120' title='bbox 1119 2799 1270 2861; x_wconf 85' lang='lat' dir='ltr'>emerant</span> 
     </span>
     <span class='ocr_line' id='line_1_20' title="bbox 312 2905 1270 3003; baseline 0.008 -30"><span class='ocrx_word' id='word_1_121' title='bbox 312 2927 456 3000; x_wconf 89' lang='lat' dir='ltr'>propere</span> <span class='ocrx_word' id='word_1_122' title='bbox 485 2905 603 2994; x_wconf 90' lang='lat' dir='ltr'>edere,</span> <span class='ocrx_word' id='word_1_123' title='bbox 636 2912 714 2997; x_wconf 90' lang='lat' dir='ltr'>post</span> <span class='ocrx_word' id='word_1_124' title='bbox 744 2905 924 2975; x_wconf 91' lang='lat' dir='ltr'>editionem</span> <span class='ocrx_word' id='word_1_125' title='bbox 950 2910 1113 3003; x_wconf 86' lang='lat' dir='ltr'>scriptum</span> <span class='ocrx_word' id='word_1_126' title='bbox 1141 2910 1270 2981; x_wconf 92' lang='lat' dir='ltr'>librum</span> 
     </span>
     <span class='ocr_line' id='line_1_21' title="bbox 313 3024 1269 3123; baseline 0.005 -28"><span class='ocrx_word' id='word_1_127' title='bbox 313 3031 433 3119; x_wconf 90' lang='lat' dir='ltr'>utpote</span> <span class='ocrx_word' id='word_1_128' title='bbox 448 3024 579 3094; x_wconf 90' lang='lat' dir='ltr'>nullius</span> <span class='ocrx_word' id='word_1_129' title='bbox 596 3026 660 3094; x_wconf 91' lang='lat' dir='ltr'>iam</span> <span class='ocrx_word' id='word_1_130' title='bbox 677 3027 774 3118; x_wconf 89' lang='lat' dir='ltr'>pretii</span> <span class='ocrx_word' id='word_1_131' title='bbox 789 3024 931 3096; x_wconf 90' lang='lat' dir='ltr'>abiicere</span> <span class='ocrx_word' id='word_1_132' title='bbox 940 3027 1110 3118; x_wconf 83' lang='lat' dir='ltr'>solebant,</span> <span class='ocrx_word' id='word_1_133' title='bbox 1126 3029 1161 3098; x_wconf 92' lang='lat' dir='ltr'>id</span> <span class='ocrx_word' id='word_1_134' title='bbox 1175 3030 1269 3123; x_wconf 92' lang='lat' dir='ltr'>quod</span> 
     </span>
     <span class='ocr_line' id='line_1_22' title="bbox 315 3142 1272 3245; baseline 0.006 -31"><span class='ocrx_word' id='word_1_135' title='bbox 315 3143 422 3214; x_wconf 84' lang='lat' dir='ltr'>Aldus</span> <span class='ocrx_word' id='word_1_136' title='bbox 457 3166 596 3237; x_wconf 91' lang='lat' dir='ltr'>quoqne</span> <span class='ocrx_word' id='word_1_137' title='bbox 621 3142 788 3213; x_wconf 87' lang='lat' dir='ltr'>factitasse</span> <span class='ocrx_word' id='word_1_138' title='bbox 812 3144 958 3245; x_wconf 85' lang='lat' dir='ltr'>Venetiis</span> <span class='ocrx_word' id='word_1_139' title='bbox 983 3151 1142 3242; x_wconf 88' lang='lat' dir='ltr'>comperi.</span> <span class='ocrx_word' id='word_1_140' title='bbox 1184 3151 1272 3220; x_wconf 89' lang='lat' dir='ltr'>Hinc</span> 
     </span>
     <span class='ocr_line' id='line_1_23' title="bbox 318 3263 1273 3356; baseline 0.006 -24"><span class='ocrx_word' id='word_1_141' title='bbox 318 3287 418 3356; x_wconf 90' lang='lat' dir='ltr'>saepe</span> <span class='ocrx_word' id='word_1_142' title='bbox 441 3286 481 3332; x_wconf 83' lang='lat' dir='ltr'>ex</span> <span class='ocrx_word' id='word_1_143' title='bbox 507 3285 576 3331; x_wconf 91' lang='lat' dir='ltr'>uno</span> <span class='ocrx_word' id='word_1_144' title='bbox 604 3263 756 3332; x_wconf 88' lang='lat' dir='ltr'>omnium</span> <span class='ocrx_word' id='word_1_145' title='bbox 782 3263 961 3335; x_wconf 85' lang='lat' dir='ltr'>deterrimo</span> <span class='ocrx_word' id='word_1_146' title='bbox 986 3266 1101 3337; x_wconf 90' lang='lat' dir='ltr'>codice</span> <span class='ocrx_word' id='word_1_147' title='bbox 1122 3268 1273 3338; x_wconf 88' lang='lat' dir='ltr'>Graecus</span> 
     </span>
     <span class='ocr_line' id='line_1_24' title="bbox 321 3381 1273 3483; baseline 0.006 -29"><span class='ocrx_word' id='word_1_148' title='bbox 321 3382 466 3476; x_wconf 86' lang='lat' dir='ltr'>scriptor</span> <span class='ocrx_word' id='word_1_149' title='bbox 491 3381 634 3452; x_wconf 87' lang='lat' dir='ltr'>maculis</span> <span class='ocrx_word' id='word_1_150' title='bbox 657 3390 691 3452; x_wconf 91' lang='lat' dir='ltr'>et</span> <span class='ocrx_word' id='word_1_151' title='bbox 715 3382 845 3454; x_wconf 88' lang='lat' dir='ltr'>mendis</span> <span class='ocrx_word' id='word_1_152' title='bbox 872 3385 1002 3458; x_wconf 90' lang='lat' dir='ltr'>obsitus</span> <span class='ocrx_word' id='word_1_153' title='bbox 1022 3390 1171 3483; x_wconf 92' lang='lat' dir='ltr'>primum</span> <span class='ocrx_word' id='word_1_154' title='bbox 1194 3413 1273 3483; x_wconf 89' lang='lat' dir='ltr'>pro·</span> 
     </span>
     <span class='ocr_line' id='line_1_25' title="bbox 320 3501 1274 3606; baseline 0.008 -34"><span class='ocrx_word' id='word_1_155' title='bbox 320 3503 383 3572; x_wconf 86' lang='lat' dir='ltr'>diit</span> <span class='ocrx_word' id='word_1_156' title='bbox 406 3503 441 3571; x_wconf 91' lang='lat' dir='ltr'>in</span> <span class='ocrx_word' id='word_1_157' title='bbox 461 3501 588 3572; x_wconf 93' lang='lat' dir='ltr'>luoem:</span> <span class='ocrx_word' id='word_1_158' title='bbox 613 3502 675 3574; x_wconf 89' lang='lat' dir='ltr'>has</span> <span class='ocrx_word' id='word_1_159' title='bbox 695 3503 858 3576; x_wconf 87' lang='lat' dir='ltr'>editiones</span> <span class='ocrx_word' id='word_1_160' title='bbox 876 3507 932 3577; x_wconf 93' lang='lat' dir='ltr'>alii</span> <span class='ocrx_word' id='word_1_161' title='bbox 953 3508 1073 3579; x_wconf 89' lang='lat' dir='ltr'>crebro</span> <span class='ocrx_word' id='word_1_162' title='bbox 1094 3534 1172 3579; x_wconf 92' lang='lat' dir='ltr'>cum</span> <span class='ocrx_word' id='word_1_163' title='bbox 1192 3511 1274 3606; x_wconf 87' lang='lat' dir='ltr'>ipsis</span> 
     </span>
     <span class='ocr_line' id='line_1_26' title="bbox 320 3622 1275 3718; baseline 0.007 -26"><span class='ocrx_word' id='word_1_164' title='bbox 320 3622 410 3693; x_wconf 81' lang='lat' dir='ltr'>vitiis</span> <span class='ocrx_word' id='word_1_165' title='bbox 442 3622 667 3716; x_wconf 89' lang='lat' dir='ltr'>repetierunt,</span> <span class='ocrx_word' id='word_1_166' title='bbox 705 3623 761 3692; x_wconf 90' lang='lat' dir='ltr'>alii</span> <span class='ocrx_word' id='word_1_167' title='bbox 797 3627 857 3718; x_wconf 92' lang='lat' dir='ltr'>qui</span> <span class='ocrx_word' id='word_1_168' title='bbox 890 3628 1113 3697; x_wconf 88' lang='lat' dir='ltr'>correctiones</span> <span class='ocrx_word' id='word_1_169' title='bbox 1146 3639 1275 3700; x_wconf 89' lang='lat' dir='ltr'>tentare</span> 
     </span>
     <span class='ocr_line' id='line_1_27' title="bbox 321 3741 1276 3839; baseline 0.003 -24"><span class='ocrx_word' id='word_1_170' title='bbox 321 3743 507 3815; x_wconf 81' lang='lat' dir='ltr'>voluerunt</span> <span class='ocrx_word' id='word_1_171' title='bbox 539 3741 732 3813; x_wconf 87' lang='lat' dir='ltr'>audendum</span> <span class='ocrx_word' id='word_1_172' title='bbox 769 3746 898 3839; x_wconf 87' lang='lat' dir='ltr'>aliquid</span> <span class='ocrx_word' id='word_1_173' title='bbox 930 3750 965 3817; x_wconf 92' lang='lat' dir='ltr'>in</span> <span class='ocrx_word' id='word_1_174' title='bbox 998 3773 1034 3819; x_wconf 87' lang='lat' dir='ltr'>rc</span> <span class='ocrx_word' id='word_1_175' title='bbox 1067 3750 1276 3819; x_wconf 87' lang='lat' dir='ltr'>conclamata</span> 
     </span>
     <span class='ocr_line' id='line_1_28' title="bbox 324 3859 1277 3961; baseline 0.008 -29"><span class='ocrx_word' id='word_1_176' title='bbox 324 3859 476 3932; x_wconf 85' lang='lat' dir='ltr'>arbitrati</span> <span class='ocrx_word' id='word_1_177' title='bbox 506 3861 671 3932; x_wconf 89' lang='lat' dir='ltr'>demendo</span> <span class='ocrx_word' id='word_1_178' title='bbox 694 3863 847 3936; x_wconf 86' lang='lat' dir='ltr'>addendo</span> <span class='ocrx_word' id='word_1_179' title='bbox 865 3875 900 3936; x_wconf 89' lang='lat' dir='ltr'>et</span> <span class='ocrx_word' id='word_1_180' title='bbox 918 3869 1037 3961; x_wconf 88' lang='lat' dir='ltr'>quovis</span> <span class='ocrx_word' id='word_1_181' title='bbox 1055 3869 1155 3940; x_wconf 92' lang='lat' dir='ltr'>modo</span> <span class='ocrx_word' id='word_1_182' title='bbox 1177 3872 1277 3940; x_wconf 86' lang='lat' dir='ltr'>inter·</span> 
     </span>
    </p>
   </div>
   <div class='ocr_carea' id='block_1_5' title="bbox 324 3980 1277 4078">
    <p class='ocr_par' dir='ltr' id='par_1_5' title="bbox 324 3980 1277 4078">
     <span class='ocr_line' id='line_1_29' title="bbox 324 3980 1277 4078; baseline 0.007 -24"><span class='ocrx_word' id='word_1_183' title='bbox 324 3980 475 4078; x_wconf 90' lang='lat' dir='ltr'>polando</span> <span class='ocrx_word' id='word_1_184' title='bbox 493 3980 593 4053; x_wconf 89' lang='lat' dir='ltr'>fidem</span> <span class='ocrx_word' id='word_1_185' title='bbox 610 3982 776 4056; x_wconf 90' lang='lat' dir='ltr'>librorum</span> <span class='ocrx_word' id='word_1_186' title='bbox 794 3985 933 4059; x_wconf 86' lang='lat' dir='ltr'>dubiam</span> <span class='ocrx_word' id='word_1_187' title='bbox 951 3989 1181 4064; x_wconf 82' lang='lat' dir='ltr'>reddiderunt.</span> <span class='ocrx_word' id='word_1_188' title='bbox 1217 3992 1277 4063; x_wconf 88' lang='lat' dir='ltr'>His</span> 
     </span>
    </p>
   </div>
   <div class='ocr_carea' id='block_1_6' title="bbox 0 0 1577 4942">
    <p class='ocr_par' dir='ltr' id='par_1_6' title="bbox 0 0 1577 4942">
     <span class='ocr_line' id='line_1_30' title="bbox 0 0 1577 4942; baseline 0 0"><span class='ocrx_word' id='word_1_189' title='bbox 0 0 1577 4942; x_wconf 95' lang='lat' dir='ltr'> </span> 
     </span>
    </p>
   </div>
  </div>
 </body>
</html>
