3100 4942
328 775 400 841 κασί
431 796 501 847 τινες
535 769 573 835 τὰ
607 766 747 855 κλήματα
773 776 833 835 ’τοῦ
866 770 975 861 δόμον]
985 827 1000 861 ,
1033 775 1230 869 ὑποτέτμηται
1262 789 1306 854 ’τά
1371 842 1375 848 ,

325 892 410 977 νεῦρα
432 891 490 949 τῶν
516 883 726 967 πραγμάτων,
756 880 819 944 κτὲ.
844 882 1063 977 ἀμπελονρμεῖν
1091 900 1138 954 est
1166 894 1207 959 τὰ
1232 894 1305 968 κλή-

329 1018 413 1084 ματα
432 1000 490 1059 τῶν
507 993 645 1081 ἀμπέλων
663 994 834 1083 οἰνατέμνειν
841 1048 855 1081 ,
878 1001 966 1061 vites
981 1010 1124 1086 putare,
1138 1008 1305 1091 palmites

329 1104 549 1166 luxuriantes
576 1125 748 1180 resecare,
783 1106 858 1167 satis
885 1116 973 1170 recte
1000 1109 1098 1196 igitur
1121 1113 1219 1180 habet
1246 1119 1307 1184 ista
1404 1156 1414 1164 -

328 1211 568 1297 interpretum,
594 1214 650 1276 sed
673 1213 715 1276 ab
736 1216 827 1277 nullo
848 1215 912 1277 alio
931 1217 1155 1306 minusquam
1175 1224 1308 1312 abipso
1352 1234 1357 1240 ’

233 1309 236 1313 ’
328 1319 488 1385 Aeschine
509 1322 586 1385 addi
608 1324 724 1407 potuit.
762 1324 909 1409 Apparet
929 1346 968 1389 ex
987 1328 1050 1391 alio
1072 1330 1214 1397 eiusdem
1236 1356 1307 1401 ore·

327 1427 422 1489 tionis
444 1428 517 1491 loeo
540 1452 640 1516 quam
663 1434 831 1496 manifesta
854 1436 1090 1501 recentissimae
1113 1461 1229 1505 manus
1248 1442 1308 1507 ad·

328 1536 505 1601 ditamenta
527 1542 688 1626 patienter
710 1542 794 1605 serre
821 1545 987 1627 potuerint
1009 1547 1160 1626 lectores,
1192 1573 1228 1635 p.
1253 1552 1308 1619 73.

328 1652 442 1735 πρῶτος
466 1644 519 1733 μὲν
550 1644 645 1733 [οὗτος
671 1649 834 1741 ςρατημός]
863 1650 1073 1741 Θρασύβουλος
1097 1656 1112 1720 ό
1136 1656 1308 1742 Κολνττεός

329 1792 372 1803 -
389 1755 566 1843 Λεωδάμας
589 1762 603 1824 ὁ
620 1760 786 1854 Ἀχαρνεὺς
804 1761 860 1847 οὐχ
884 1759 969 1832 ἦττον
991 1765 1195 1851 Δημοσθένους
1215 1768 1308 1857 λέγειν

327 1862 486 1955 δυνάμενος
520 1866 587 1933 ἀλλ’
618 1872 714 1957 ἔμοιγε
747 1868 797 1933 καὶ
833 1866 921 1939 ittet
930 1922 943 1955 ,
981 1869 1095 1963 [ῥήτωρ
1125 1874 1175 1938 καὶ
1208 1872 1303 1965 οὗτος]

233 2040 235 2044 ,
331 1972 516 2065 Ἀρχέδημος
536 1976 550 2039 ὁ
569 1974 676 2053 Πήληξ
706 1974 757 2042 καί
778 1975 900 2053 δυνατός
919 1978 1005 2045 εἰπεῖν
1026 1979 1077 2044 καὶ
1098 1982 1196 2050 πολλὰ
1215 2011 1306 2051 κεκιν-

329 2080 473 2159 δυνευκὼς
494 2084 523 2151 ἐν
545 2086 678 2171 πολιτείᾳ
701 2084 752 2151 διὰ
779 2086 926 2173 Θηβαίους
933 2141 947 2173 ‚
981 2088 1192 2181 [δημαγωγός]
1224 2096 1307 2187 Ἀρι·

329 2196 459 2325 ςορῶνὸ
479 2196 626 2275 Ἀζηνιεύς
649 2234 685 2245 ⁸-
693 2249 707 2283 ,
735 2196 862 2290 [ῥήτωρ]
892 2200 1066 2293 Πύρανδρος
1086 2204 1101 2268 ό
1118 2202 1309 2297 Ἀναρλόςιος

329 2304 391 2370 κτὲ.
427 2306 475 2368 Ne
497 2306 649 2371 Reiskius
671 2304 804 2390 quidem
826 2308 885 2370 ista
908 2312 1017 2375 omnia
1039 2313 1143 2377 aliena
1166 2314 1211 2378 ob
1232 2337 1305 2381 orn·

328 2413 405 2475 toris
436 2434 573 2498 persona
600 2422 631 2476 et
661 2413 722 2475 illis
750 2412 954 2481 auditoribus
982 2441 1049 2483 esse
1074 2424 1187 2486 sensit·
1218 2447 1307 2491 nune

325 2520 493 2587 Dobreeus
515 2531 546 2585 et
568 2500 736 2595 Belrkerus
758 2537 996 2607 expunxerunt.
1031 2528 1070 2593 In
1090 2511 1209 2595 ultimis
1229 2536 1308 2600 reci·

327 2631 479 2716 cipienda
505 2640 575 2695 erat
603 2631 702 2693 lectio
722 2630 937 2726 Πύρρανδρος,
960 2658 1036 2699 nam
1062 2639 1194 2726 vulgata
1216 2644 1311 2709 nimis

330 2740 469 2805 ridicula
489 2750 544 2803 est.
579 2738 708 2802 Addam
730 2740 793 2804 alia
813 2764 922 2827 pauca
946 2766 984 2808 ex
1003 2746 1163 2815 lsoerete:
1186 2750 1221 2813 in
1240 2771 1311 2816 ora·

332 2850 419 2913 tione
442 2874 507 2940 περι
501 2847 759 2978 ’ἀντιδόσεωςρ
778 2848 856 2915 446.
877 2851 915 2915 Β.
940 2854 1072 2941 legitur:
1097 2858 1139 2932 τίς
1165 2859 1225 2952 γὰρ
1252 2859 1305 2925 οὐκ

330 2956 391 3023 οἶδε
414 2960 570 3050 Κόρκυραν
593 2958 684 3045 μὲν
673 2956 701 3022 ἔν
729 2954 947 3052 ε’πικαιροτοίτῳ
978 2962 1042 3047 [καὶ
1068 2964 1216 3053 καλλος-α]
1248 2994 1308 3035 κει·

332 3072 417 3154 μένην
439 3074 497 3133 τῶν
520 3065 585 3158 περὶ
611 3064 842 3136 Πελοπόννησον.
868 3069 927 3154 qui
950 3070 993 3133 ad
1021 3073 1159 3138 verba’
1145 3101 1175 3143 εν
1196 3077 1310 3146 ἐπικαι-

333 3182 450 3269 ροτοότῳ
473 3176 643 3261 adscripsit
670 3174 803 3250 κάλλιςα
828 3178 892 3240 vim
920 3198 1032 3242 eorum
1061 3202 1128 3247 non
1154 3186 1311 3254 intellexit

336 3296 367 3350 et
390 3286 496 3350 effecit
518 3294 554 3349 ut
580 3286 737 3349 Isocrates
758 3286 839 3350 nihil
861 3287 992 3352 diceret.
1034 3290 1107 3355 Non
1129 3295 1204 3359 satis
1226 3297 1311 3361 Atti·

338 3417 415 3460 eum
433 3405 478 3458 est
496 3391 588 3479 quod
609 3391 726 3479 legitur
743 3416 778 3478 p.
793 3392 868 3459 471.
893 3401 1020 3473 ἅπαντες
1036 3399 1180 3475 τοιαύταις
1197 3399 1313 3493 ἐχρῶν-

339 3528 371 3571 το
402 3505 467 3578 ταῖς
497 3500 656 3586 διανοίαις,
695 3506 814 3590 οἵασπερ
843 3502 876 3582 ἐξ
908 3506 1005 3597 ἀρχῆς
1042 3511 1152 3600 ἔρυσαν
1185 3516 1311 3600 ἔχοντες.

338 3612 597 3700 Expungendum
627 3620 673 3675 est
702 3616 817 3699 ἔχοντες
839 3613 985 3678 additum
1011 3618 1053 3681 ab
1074 3640 1133 3695 en,
1164 3624 1223 3709 qui
1255 3646 1314 3689 ne·

338 3720 460 3786 sciebat
479 3720 521 3785 eb
537 3719 667 3783 Graecis
687 3718 752 3781 dici
774 3719 914 3804 aliquem
934 3728 1019 3810 νοῦν,
1040 3730 1143 3817 ρρένας
1151 3782 1165 3816 ,
1182 3728 1316 3800 διάνοιαι

340 3838 427 3921 qiam
435 3884 449 3918 ,
472 3827 748 3915 quemadmodum
774 3824 898 3907 ὀδόντας
906 3883 920 3917 ,
942 3836 1090 3924 πώγωνα,
1112 3842 1208 3935 πτερὰ
1226 3850 1315 3935 φῦσαι

341 3945 484 4029 aliquem
513 3938 674 4003 dicebant.
720 3939 758 4003 Iu
790 3940 905 4005 eadem
935 3948 1090 4013 oratione.
1115 3974 1150 4037 p.
1174 3951 1251 4017 449.
1280 3956 1315 4019 in

343 4051 464 4119 verbis:
488 4042 569 4115 utta
587 4048 665 4116 τοῦτ’
686 4046 841 4143 ἐφιλοσόφει
869 4050 935 4137 [καὶ
955 4056 1034 4134 τοῦτ’
1055 4060 1213 4150 ἔπραττον]
1235 4066 1316 4140 ὅπως
