3100 4942
706 554 782 629 147

248 775 358 840 marici
382 773 424 837 ad
445 760 625 860 vesparum
648 794 692 837 vs.
720 772 816 839 1272
850 769 1035 864 Ἡλιόδωρος.
1060 770 1150 838 Μετὰ
1175 769 1223 837 τόν

246 886 334 973 ςίχον
355 883 400 949 τόν
424 883 650 970 ιγλωττοποιιῖν
674 882 713 957 εἷς
737 883 777 948 τὰ
804 880 910 973 πορνεῖ’
935 879 1043 946 εἰσιόνθ’
1068 879 1217 955 ἑκάςᾱτε”
1271 892 1274 897 ’

246 996 300 1061 εἰσὶ
324 997 403 1062 τόποι
425 995 502 1063 aava
523 999 637 1081 ἔχοντες
657 999 783 1081 ςιγμοίς.
799 1029 845 1041 —-
857 1028 903 1041 -
916 1028 962 1043 -
975 993 1015 1057 τὰ
1037 987 1073 1055 δὲ
1098 996 1220 1056 τοιαῦτα

248 1104 389 1181 πολλάκις
422 1106 498 1169 εἶπον
531 1109 574 1168 ότι
605 1101 812 1189 ὑπολαμβάνω
851 1100 888 1166 ἐν
924 1103 1008 1177 τοῖς
1049 1103 1218 1191 πρώτοις

247 1218 506 1307 ἀντιγράφοις
536 1214 688 1306 φθαρέντα
715 1216 758 1278 ὅτι
783 1213 836 1300 μὲν
860 1217 991 1279 τοσαῦτα
1016 1209 1050 1284 ἦν
1072 1210 1121 1279 τόν
1151 1214 1219 1305 ἀρι-

245 1325 315 1413 θμὸν
335 1326 505 1414 γνωσθῆναι
522 1322 554 1388 οὐ
571 1326 627 1409 μὴν
648 1321 725 1388 aira:
750 1324 828 1385 item
849 1322 911 1385 alia
932 1320 989 1385 sed
1009 1317 1164 1407 corrupta
1187 1332 1221 1386 et

244 1434 373 1508 mutila,
403 1454 504 1517 quarn
527 1432 560 1494 in
588 1428 703 1493 codice
731 1426 857 1494 Veneto
881 1427 944 1515 legi
970 1429 1015 1494 sic
1044 1430 1220 1515 scriptam:

248 1546 351 1635 ἔςρερε
378 1541 426 1607 τόν
450 1540 533 1626 λόγον
554 1540 631 1626 μετὰ
654 1541 737 1602 τοῦτο
761 1534 926 1623 διάλειμμα
948 1537 1044 1623 ςόχων
1068 1538 1222 1613 εἰνοίςατον

246 1653 316 1717 εἶναι
338 1656 396 1715 τῶν
420 1646 547 1722 πλείςων
567 1644 603 1711 δὲ
622 1638 702 1737 εὗρον
722 1640 844 1709 ἕνδεκαε
865 1679 909 1692 -
924 1643 1037 1721 ἄλλωςε
1061 1648 1223 1739 ἀρίγνωτον

246 1784 348 1850 τούτου
372 1780 433 1869 peip
459 1774 584 1868 ἀδελρδς
609 1771 774 1867 εἰριρρεόδης
800 1773 850 1837 κτὲ
880 1782 912 1836 et
936 1776 1016 1840 alia:
1048 1779 1164 1872 ρὲρεται
1190 1738 1224 1857 ἑ

249 1910 306 2001 ἑνός
334 1908 384 1975 καὶ
405 1907 503 1998 τρόπον
527 1905 579 1992 ὁμο
599 1902 605 1993 Ι
624 1890 827 1997 σουπβπόπτει.
860 1911 910 2013 ,τοῦ
939 1904 973 1973 δὲ
995 1906 1127 1985 ἐκάκισεν,
1152 1900 1222 1977 ἔκνι-

248 2065 297 2112 σεν
314 2038 425 2116 ἄδηλον
442 2036 479 2104 δὲ
497 2040 616 2127 πότερον
642 2044 694 2111 τῆς
714 2020 862 2126 καλλιςρδι
892 2036 954 2103 κτὲ.
988 2038 1095 2103 Facite
1113 2049 1160 2103 est
1180 2041 1225 2105 ad

245 2150 491 2237 intelligendum
512 2167 622 2211 veram
641 2166 707 2207 esse
729 2146 815 2207 iltius
837 2146 1010 2223 rationem,
1036 2148 1095 2233 qui
1116 2150 1222 2214 uade-

245 2264 311 2331 cim
343 2279 451 2331 versus
479 2255 652 2321 desiderari
684 2254 812 2317 scribit:
843 2255 978 2342 stropha
1005 2277 1095 2320 nunc
1124 2257 1224 2323 habet

244 2390 353 2435 versus
367 2367 588 2454 undeviginti,
613 2366 814 2452 antistropha
832 2376 922 2430 octo.
954 2367 1060 2431 Probe
1078 2369 1223 2434 animad-

245 2476 437 2549 vertendum
459 2476 552 2561 quod
570 2475 604 2538 in
626 2476 732 2566 primo
752 2474 877 2538 scholio
898 2475 1034 2561 tegitur:
1064 2474 1120 2542 εἶσὶ
1139 2479 1220 2545 τόποι

244 2586 321 2653 ἑπτὰ
346 2588 461 2673 ἔχοντες
489 2585 600 2672 crypta
620 2581 684 2647 καὶ
714 2582 888 2670 ἀλόγως,
918 2579 965 2650 ὧν
992 2582 1033 2649 εἰι
1061 2589 1218 2677 προχεί.

244 2721 310 2791 ρον
344 2694 410 2785 μὲν
440 2693 568 2785 εὑρεῖν
606 2692 668 2758 τόν
704 2690 817 2779 λόγον
853 2691 921 2758 οὐκ
957 2695 1061 2781 όςιν,
1101 2716 1219 2783 nempe

244 2806 320 2871 alibi
344 2800 560 2869 coniectando
587 2800 684 2863 tacite
716 2797 945 2884 excogitabant
970 2800 1052 2886 quid
1081 2803 1220 2868 excidis·

242 2926 309 2993 set,
334 2911 495 2977 hocloco
522 2908 603 2996 quid
630 2908 708 2970 otim
730 2908 888 2991 scriptum
912 2908 1008 2972 tuerit
1034 2930 1101 2975 non
1126 2923 1218 2999 pote·

241 3035 313 3091 rant
342 3020 375 3087 ἐκ
407 3019 559 3111 προχείρου
588 3015 746 3102 περιτείνει
781 3014 899 3079 deinde
930 3017 1148 3104 gravissimum
1171 3031 1218 3087 est

242 3135 335 3221 quod
357 3128 521 3213 subiungit
539 3148 572 3191 se
594 3127 681 3191 alibi
699 3146 801 3214 saepe
822 3124 982 3189 monuisse
1002 3129 1160 3193 nonnulla
1178 3133 1218 3195 ι’νι

223 3243 363 3329 ‘primis
379 3236 561 3311 codicibus,
583 3236 605 3300 i.
618 3256 648 3298 e.
659 3235 693 3299 in
710 3234 952 3319 antiquissimis,
973 3235 1095 3321 quibus
1111 3259 1216 3325 gram.

239 3351 349 3417 malici
376 3345 586 3411 Alexandrini
609 3344 657 3407 usi
682 3344 761 3424 sint,
794 3342 890 3406 tuisse
917 3351 1089 3431 corrupta:
1121 3346 1215 3411 cuius

236 3460 282 3543 rei
303 3477 465 3543 nusquam
482 3464 606 3519 exstant
627 3453 690 3517 alia
705 3452 796 3538 apud
807 3451 1055 3537 Aristophanem
1073 3453 1210 3535 indicia,

239 3590 308 3655 quo
324 3567 483 3633 cautiores
501 3582 561 3627 nos
581 3583 646 3627 esse
662 3562 835 3648 oportetin
848 3559 897 3625 his
912 3560 969 3625 ubi
988 3582 1025 3625 ea
1040 3563 1209 3651 teguntur,

236 3697 323 3763 quae
347 3672 563 3759 Aristophane
586 3681 618 3735 et
639 3672 754 3736 Atticis
775 3670 911 3758 indigna
939 3691 1005 3735 esse
1025 3672 1101 3736 satis
1131 3693 1211 3739 con·

236 3794 309 3849 stat.
342 3782 442 3847 Aliud
462 3782 592 3868 ineptae
617 3779 874 3867 interpolationis
899 3778 1083 3864 exemplum
1107 3779 1210 3846 habe·

233 3913 305 3957 mus
332 3892 367 3956 in
395 3890 560 3957 Aeschinis
590 3891 735 3955 oratione
766 3890 801 3953 in
830 3886 1072 3975 Ctesiphontem
1096 3913 1133 3976 p.
1155 3892 1209 3961 77.

233 4005 287 4095 ἴφιι
310 4000 487 4094 παρελθών·
511 3998 750 4095 ἀρπιλονργοῦσό
763 4022 834 4077 τινες
854 4000 909 4070 τὴν
925 3996 1004 4067 πολιν
1026 3997 1206 4088 [ἀνατετμή.
