3100 4942
259 730 351 817 λόγων
376 748 438 816 pro
459 735 527 795 ἄνευ
554 706 602 799 llos
626 731 755 821 (λόγου).
782 729 877 817 391.
901 723 1065 823 πρεσβύτου
1082 768 1126 781 -
1139 754 1235 825 σοφω-

734 844 751 884 ‘l'

262 906 355 969 τάτου
381 922 441 988 pro
469 885 584 997 cpecdti
606 943 650 953 -
671 888 748 993 σοφῖ)
774 902 953 1011 (πρεσβύτης
971 941 1015 955 --
1035 905 1231 997 σοφώτατος).

263 1030 280 1117 3
307 1030 361 1095 94.
396 1034 585 1125 ἀκρατήσεως
613 1054 676 1118 pro
708 1016 826 1123 ἀκρατῆ
867 1032 1082 1124 (capessisse).
1114 1032 1130 1120 3
1159 1033 1231 1099 179.

261 1164 396 1254 ἀπείρους
420 1163 471 1251 μὲν
492 1168 561 1254 ἕχον
584 1182 645 1250 pro
667 1123 705 1227 ’1
732 1154 831 1246 (ἔχει).
847 1158 881 1270 ,3
908 1159 983 1224 290.
1014 1160 1098 1248 λόγον
1127 1158 1232 1227 οὐδένα
1300 1225 1304 1235 ,

260 1294 462 1381 ποιησαμένων
493 1300 551 1361 τῶν
582 1291 698 1358 πολλῶν
729 1311 790 1376 pro
820 1242 858 1354 1ο
888 1286 1025 1377 (πολεων)
1061 1297 1092 1352 11
1121 1289 1234 1352 similia

259 1402 386 1487 passim.
428 1404 516 1467 Alios
541 1423 664 1466 errores
688 1401 771 1465 ludit
798 1398 1048 1462 describentium
1078 1399 1156 1461 alias
1184 1418 1235 1461 res

258 1509 421 1593 agentium
439 1509 604 1584 socordis,
627 1508 683 1571 ubi
706 1509 739 1571 in
758 1506 937 1590 archetypo
956 1517 1001 1568 est
1021 1528 1095 1571 vera
1115 1508 1230 1584 lectio,

258 1626 293 1680 ut
314 1616 331 1704 3
354 1617 403 1682 18.
427 1621 492 1685 οὔτε
508 1618 698 1683 duodecadas
712 1624 771 1682 τῶν
788 1614 862 1680 καθ’
879 1614 980 1680 ἑαυτόν
995 1615 1146 1693 barbare,
1169 1636 1230 1701 pro

257 1730 408 1813 ἄκουσμα.
434 1724 451 1813 3
468 1726 521 1790 36.
547 1726 579 1792 ἐκ
598 1732 648 1792 τοῦ
665 1726 773 1800 ὕδατος
789 1745 849 1810 pro
870 1721 962 1799 ἐκτός.
983 1720 1066 1809 391.
1090 1726 1231 1811 σεμνοτά-

258 1858 316 1899 των
338 1857 399 1921 pro
424 1841 635 1924 οεμνωμοίτων.
660 1833 677 1923 3
700 1834 773 1899 123.
794 1841 852 1901 τῶν
875 1832 922 1898 ἐπὶ
946 1842 996 1908 τῆς
1021 1837 1130 1917 μνήμης
1153 1857 1228 1920 γινο·

256 1942 347 2029 μένων
378 1961 439 2028 pro
468 1944 527 2015 τοῖς
554 1947 697 2030 μνήμασι.
729 1938 842 2027 §aab
874 1942 1107 2025 συγκαταθεῖναι
1132 1942 1169 2016 εἷς
1196 1940 1229 2006 τὸ

255 2057 379 2118 τοιοῦτον
396 2072 458 2138 pro
476 2034 682 2139 σνγκοιὲεἴνοιι.
709 2045 725 2135 3
752 2044 822 2111 194.
846 2050 936 2123 οὕτως
953 2045 1228 2116 δνσκατοίθετοι-

253 2160 325 2250 πρὸς
348 2162 402 2237 τὰς
423 2158 534 2251 φιλίοις,
556 2180 632 2222 vcra
653 2157 751 2220 lectio
773 2155 905 2221 11111111
925 2158 1084 2241 scriptura
1105 2159 1227 2222 codicis

251 2266 533 2357 δυουγκατοίθετοι,
554 2287 672 2354 nempe
691 2266 934 2354 δυοσυγκοίθετοι
955 2264 1162 2331 scribendum
1181 2269 1227 2333 in·

252 2377 372 2465 lelliget
391 2380 449 2464 qui
472 2376 645 2442 contulerit
668 2374 896 2438 llcmsterbusii
915 2384 1027 2439 notam
1047 2377 1090 2440 ad
1110 2377 1224 2442 Thom.

253 2483 393 2574 Megiste.
420 2510 454 2573 p.
475 2485 550 2551 815.
588 2484 675 2566 Quid
695 2494 740 2547 est
761 2484 859 2571 igitur
878 2487 978 2570 magis
1000 2486 1092 2549 sutile
1114 2496 1145 2550 et
1166 2488 1227 2550 mi-

251 2617 312 2658 nus
332 2597 540 2683 profuturum
567 2596 682 2672 literis,
717 2615 818 2680 quam
844 2595 1045 2679 reliquorum
1075 2597 1228 2661 codicum

251 2714 282 2768 et
303 2704 481 2769 editionum
503 2702 670 2789 scripturis
692 2700 806 2763 sedulo
835 2701 979 2765 collectis
1005 2704 1140 2768 lectores
1166 2705 1226 2770 ob·

249 2815 385 2879 tundere
401 2824 432 2878 et
450 2814 547 2876 etiam
565 2812 728 2875 interdum
750 2811 870 2873 lallere.
895 2811 1086 2877 subirascor
1103 2814 1227 2900 aliquo-

250 2921 309 2984 ties
330 2921 385 2984 ubi
409 2919 503 2983 video
527 2920 700 3003 scriptores
721 2914 862 2979 Graecos
891 2922 1099 2983 tumultuaria
1126 2942 1226 3005 opera

251 3026 304 3090 edi
327 3027 369 3090 ab
386 3026 566 3100 nonnullis,
592 3023 713 3110 quibus
734 3031 860 3085 tantum
881 3024 969 3088 abest
991 3037 1025 3088 ut
1048 3025 1166 3090 Critica
1188 3030 1226 3092 sit

252 3134 360 3213 πολλῆς
385 3136 488 3229 πείρας
512 3134 674 3201 τελευταῖον
697 3130 892 3221 ἐπιγέννημα,
924 3144 958 3197 ut
984 3146 1098 3199 contra
1127 3138 1226 3201 veluti

249 3247 434 3310 tirocinium
468 3245 617 3309 videatur
648 3262 731 3318 esse,
767 3244 801 3306 in
831 3264 899 3329 quo
929 3244 1034 3329 prima
1062 3246 1227 3311 literarum

248 3356 403 3419 elementa
427 3349 608 3417 addiscant.
650 3351 689 3413 Hi
716 3352 815 3437 igitur
837 3352 966 3415 nilnisi
991 3352 1149 3418 variantes
1177 3356 1222 3418 le·

251 3466 374 3528 ctiones
395 3486 413 3528 e
432 3463 654 3528 recentissimis
677 3462 874 3549 apographis
900 3472 955 3525 aut
974 3460 1134 3525 veteribus
1154 3462 1224 3526 edi·

250 3570 392 3635 tionibus
420 3572 614 3649 corradunt‚
645 3582 783 3657 optimas
816 3573 969 3635 lectiones
995 3578 1026 3633 et
1052 3569 1225 3655 palmarias

251 3676 490 3742 emendationes
512 3700 529 3743 a
552 3680 683 3742 summis
704 3678 823 3741 criticis
845 3688 989 3765 repertas
1017 3687 1048 3740 et
1071 3678 1225 3766 probatas

248 3784 410 3849 fastidiose
439 3788 604 3863 reficiunt,
639 3787 835 3875 »vulgatam
860 3788 1004 3875 probam
1035 3790 1125 3853 esse''
1159 3798 1224 3851 tam

248 3894 451 3960 confidenter
465 3918 565 3984 quam
578 3896 726 3984 imperite
744 3901 1004 3983 pronuntiantes,
1020 3899 1112 3961 simul
1128 3897 1221 3983 quid·

243 4003 327 4091 quid
350 4006 395 4071 ab·
416 4006 493 4094 ipsis
513 4007 564 4071 rel
587 4007 621 4070 in
645 4007 868 4071 recentissimis
888 4016 920 4071 et
942 4006 1095 4094 pessimae
1123 4014 1220 4070 notae
