3100 4942
660 568 708 644 29

209 814 339 881 mores,
378 791 554 880 religiones
582 796 716 860 tanturn
742 811 904 882 umquam
931 785 1076 858 efficient
1097 786 1166 856 dis-

211 915 356 1002 crimen,
390 919 429 982 ut
461 910 573 981 homo
597 909 766 980 hominem
797 911 931 1003 penitus
961 928 1164 1001 cognoscere

180 1091 185 1102 .
216 1058 284 1103 non
308 1032 423 1126 possit.
461 1029 583 1100 Animo
608 1041 642 1100 et
663 1031 864 1122 cogitatione
895 1052 960 1097 una
985 1027 1166 1125 vivendum
1227 1088 1229 1092 ,

213 1149 546 1244 colloquendumque
585 1174 663 1218 cnm
695 1151 733 1217 iis
769 1157 835 1236 est,
861 1155 956 1240 'quos
981 1145 1168 1238 intelligere

213 1279 247 1340 et
284 1271 404 1338 imitari
436 1269 580 1338 studeas.
639 1268 876 1339 Contrahenda
913 1291 992 1337 cnm
1028 1265 1169 1358 singulis

218 1387 351 1458 assidua
387 1388 529 1458 lectione
566 1390 682 1458 notitia
716 1399 774 1458 est'
800 1397 833 1457 et
865 1387 1091 1475 familiaritas,
1129 1392 1169 1454 ut

215 1509 322 1580 veluti
357 1509 536 1600 loquentes
564 1509 684 1578 audias
719 1518 752 1579 et
789 1531 947 1604 praesens
980 1514 1169 1601 praesentes

215 1630 385 1698 intuearis.
430 1627 486 1702 ¹lta
512 1631 716 1723 perspicitur
745 1626 911 1723 cuiusque
936 1629 1108 1720 ingenium
1137 1633 1172 1694 et

214 1746 361 1836 indoles,
397 1751 442 1817 ita
475 1749 628 1820 homines
660 1773 757 1821 nosse
784 1750 944 1820 discimus
973 1755 1006 1817 ct
1038 1769 1169 1840 sapere,

217 1867 311 1962 qnod
333 1892 401 1938 non
419 1878 551 1939 tantum
571 1881 663 1942 recte.
681 1870 848 1942 scribendi
863 1868 1033 1947 sedetiam
1047 1865 1172 1957 scripta

217 1997 309 2059 recte
328 1988 534 2082 intelligendi
561 1991 636 2060 lons
660 1999 710 2061 est
733 2001 766 2060 et
789 1991 1004 2085 principium.
1042 1988 1092 2057 Ita
1113 1984 1172 2054 de·

217 2134 313 2180 mum
337 2109 420 2201 quid
441 2110 552 2180 dicere
575 2112 627 2181 vel
650 2115 797 2205 cogitare
818 2113 941 2206 aliquis
964 2134 1032 2180 non
1055 2115 1174 2203 potue·
1239 2107 1242 2114 ’

216 2231 280 2320 rit,
307 2228 390 2322 qnid
417 2237 532 2299 contra
557 2254 698 2300 emore
723 2253 785 2300 suo
811 2254 851 2300 ac
875 2236 994 2299 natura
1020 2224 1175 2297 debuerit

217 2375 237 2420 e
269 2351 413 2441 vestigiis
446 2349 705 2443 depravatorum
748 2349 914 2418 librorum
956 2356 1047 2417 certa
1090 2367 1172 2414 cor-

219 2470 367 2540 rectione
380 2477 490 2564 potest
507 2471 646 2562 restitui.
684 2469 733 2538 Ita
753 2468 890 2539 demum
916 2473 1056 2560 apparet
1080 2461 1174 2533 aliud

217 2613 292 2663 esse
312 2591 455 2660 incertas
473 2590 681 2692 coniecturas
701 2591 881 2683 prolicere,
903 2585 996 2657 aliud
1017 2583 1174 2653 manihs-

218 2718 270 2779 tas
295 2710 542 2780 emendationes
568 2713 722 2806 reperire.
774 2711 961 2802 anoties
982 2705 1174 2798 indignatus

220 2829 398 2923 languidas
430 2831 723 2925 interpolationes,
757 2854 844 2922 quae
877 2850 1088 2898 summorum
1121 2825 1175 2893 in-

217 2953 399 3044 geniorum
426 2950 582 3042 reliquias
604 2948 788 3042 deturpant
813 2947 1065 3017 exclamaveris:
1091 2944 1174 3014 hoc-

219 3074 296 3142 cine
322 3094 403 3164 ergo
430 3070 613 3139 Homerum
645 3077 705 3137 ant
728 3068 989 3162 Aristophanem
1020 3076 1080 3135 aut
1101 3065 1176 3134 Pla·

223 3202 336 3263 tonem
367 3201 427 3260 aut
460 3190 716 3266 Demosthenem
750 3189 793 3257 ita
819 3187 929 3257 dicere
962 3188 1112 3279 potuisse
1139 3187 1175 3253 in

221 3313 370 3385 animum
389 3310 540 3380 homiues
565 3306 786 3377 induxerunt!
819 3304 1176 3405 Apparetnumquam

205 3434 433 3526 cognovisse,
454 3454 555 3523 quem
578 3438 644 3497 tarn
666 3428 862 3498 dissimilem
881 3430 932 3498 sui
948 3428 1086 3498 credant
1103 3451 1175 3499 esse

224 3573 341 3646 posse,
377 3560 415 3619 nt
448 3551 507 3643 qni
537 3551 572 3640 in
604 3548 676 3616 aliis
706 3547 754 3616 nil
788 3546 946 3616 moliatur
977 3548 1107 3640 inepte,
1141 3548 1176 3617 in

223 3673 297 3741 aliis
322 3672 466 3766 turpiter
490 3668 730 3738 hallucinatur.
779 3665 824 3734 At
848 3665 987 3733 humani
1012 3666 1096 3735 nihil
1122 3691 1177 3738 uc·

227 3818 295 3888 que
318 3791 362 3862 ab
389 3815 458 3862 sese
482 3813 592 3882 neque
616 3786 659 3856 ab
685 3786 756 3856 nllo
781 3786 846 3855 alio
870 3785 1007 3857 homine
1029 3787 1178 3856 alienum

226 3935 299 3983 esse
335 3911 524 4006 putandum
550 3906 770 4003 respondent:
805 3930 916 3976 errare
951 3916 985 3976 et
1019 3906 1086 3976 labi
1113 3907 1179 3976 hn-

225 4057 379 4106 manum-
397 4057 467 4106 esse
496 4042 529 4104 et
560 4032 740 4108 dormitare
762 4028 930 4099 interdum
954 4030 1055 4102 etiam
1080 4051 1179 4123 prae-
