3100 4942
817 585 841 654 l

363 830 520 904 campus:
531 831 765 902 quascumque
781 806 910 900 ubique
922 814 1090 877 terrarum
1104 816 1235 878 exstant
1252 833 1313 880 an·

365 930 519 1022 tiquioris
532 931 602 999 aevi
615 936 647 998 et
661 920 876 999 humanitatis
898 936 1132 1017 monumenta,
1154 929 1223 998 sive
1241 928 1313 998 lite·

363 1051 409 1119 ris
442 1060 591 1139 exarata,
614 1051 809 1144 scriptores,
835 1050 1083 1144 inscriptiones,
1109 1047 1221 1135 numi,
1245 1048 1315 1116 sire

363 1170 536 1260 illiterata,
559 1170 676 1263 quales
699 1177 780 1241 sunt
803 1171 926 1241 artium
952 1168 1114 1262 reliquiae
1144 1167 1311 1260 picturae,

363 1291 575 1385 sculpturae,
606 1291 848 1361 architecturae
877 1298 911 1360 et
934 1288 1113 1375 similium,
1138 1312 1177 1358 ea
1202 1288 1314 1357 omnia

363 1412 545 1507 philologis
567 1411 741 1480 tractanda
760 1420 795 1480 et
814 1409 1019 1504 exploranda
1042 1420 1122 1480 sunt
1145 1415 1185 1478 ut
1208 1433 1249 1480 ex
1273 1410 1313 1478 iis

363 1531 580 1622 antiquorum
603 1528 810 1623 populorum
832 1529 1021 1620 historiam,
1051 1530 1173 1619 vitam,
1189 1538 1313 1619 artes,

362 1651 476 1721 literas
500 1651 544 1718 ita
568 1657 792 1741 cognoscant,
825 1657 864 1718 ut
888 1671 958 1741 quo
980 1657 1083 1743 pacto
1109 1655 1222 1717 nostra
1249 1647 1317 1718 hu·

360 1770 502 1838 manitas
540 1767 619 1838 inde
643 1776 717 1838 orta
744 1771 803 1858 sit,
827 1769 924 1862 quid
946 1768 1014 1836 illis
1038 1777 1214 1864 acceptum
1238 1768 1320 1838 reb·

361 1901 472 1980 ratur,
490 1889 573 1983 quid
582 1913 649 1983 qua
666 1889 709 1959 de
725 1912 825 1958 causa
839 1889 973 1959 differat
986 1888 1161 1959 ostendere
1173 1891 1314 1984 possint.
1354 1983 1357 1986 ῃ

359 2008 398 2079 ln
414 2009 507 2078 hunc
528 2009 633 2102 igitur
653 2031 813 2102 campum
834 2008 961 2077 involat
981 2007 1132 2101 undique
1150 2008 1314 2103 quilibet,
1355 1993 1358 1999 ⁸

358 2152 499 2224 carpens
524 2127 587 2197 sibi
616 2137 746 2222 partem
768 2151 1025 2221 quamcunque,
1051 2129 1087 2196 in
1115 2152 1183 2222 qua
1211 2129 1316 2198 illus-

360 2249 480 2319 tranda
504 2248 771 2344 explicandaque
792 2272 912 2343 operae
940 2251 1085 2344 pretium
1111 2250 1174 2320 sibi
1198 2250 1319 2321 factu.

357 2394 416 2466 rus
452 2369 615 2440 videatur.
666 2369 902 2440 lllirandumne
939 2380 990 2440 est
1030 2372 1148 2466 plures
1182 2394 1316 2465 semper

359 2491 403 2562 ab
417 2491 614 2562 ‘eruditione
642 2490 696 2562 vel
725 2490 850 2561 iudicio
878 2515 947 2561 nou
974 2494 1053 2572 satis
1075 2499 1209 2587 paratos
1233 2490 1315 2562 dara

359 2635 429 2682 sese
458 2609 601 2679 ridicule
622 2617 656 2680 et
677 2612 724 2680 rei
750 2610 942 2704 praeclarae
964 2610 1073 2682 labem
1098 2612 1309 2709 adspergere.
1373 2649 1377 2654 ·

357 2731 520 2803 Odiosum
545 2738 596 2800 est
624 2754 686 2800 nec
712 2731 861 2801 multum
890 2731 1048 2826 prodesse
1072 2732 1154 2804 mihi
1179 2733 1314 2804 videtur
1377 2709 1380 2713 ³

359 2853 485 2922 alienos
520 2872 651 2920 errores
684 2849 727 2920 de
763 2850 929 2920 industria
961 2850 1114 2944 proferre
1141 2861 1175 2922 et
1202 2876 1314 2926 severe

359 2970 548 3064 acerbeque
568 2977 700 3060 notare,
722 2995 831 3064 quum
850 2972 947 3041 liceat
965 2967 1102 3041 meliora
1122 2975 1216 3067 sequi
1236 2999 1313 3048 suo·
1357 2972 1382 3063 j*

360 3114 426 3185 que
460 3089 615 3182 exemplo
648 3089 732 3183 quid
773 3098 901 3160 rectum
941 3090 1095 3181 videatur
1130 3095 1319 3168 ostenderes
1348 3097 1382 3175 ἠ

359 3210 476 3302 ltaque
498 3233 591 3279 nunc
615 3209 657 3278 ad
679 3193 991 3282 dooendasssltteias·
1004 3211 1191 3284 lllustrium
1211 3212 1317 3288 huius
1382 3214 1385 3293 ss

361 3328 560 3401 Academiae
585 3329 983 3425 Curatorumsuffragiis
1002 3340 1035 3402 et
1057 3334 1191 3426 augusti
1214 3335 1314 3430 Regis
1343 3389 1347 3396 -
1383 3336 1387 3406 J

364 3451 500 3522 decreto
530 3452 603 3544 ipse
632 3459 770 3520 vocatus
801 3451 992 3521 studiorum
1025 3475 1178 3522 meorum
1209 3455 1314 3528 veluti

365 3571 510 3641 rationes
535 3568 698 3663 quasdam
727 3569 810 3638 mihi
839 3569 1026 3640 reddendas
1053 3594 1125 3642 esse
1150 3571 1314 3668 arbitror,

365 3697 458 3758 ratus
482 3689 623 3759 maiores
646 3697 780 3759 nostros
800 3690 998 3781 instituisse,
1026 3697 1064 3760 ut
1097 3691 1139 3780 is,
1171 3695 1226 3763 cui
1253 3694 1316 3767 do·

365 3810 464 3882 'cendi
503 3812 708 3905 provinciam
742 3810 1013 3902 demandassent,
1051 3813 1086 3881 in
1123 3814 1361 3907 auspicandi.—

367 3932 516 4002 muncris
562 3932 772 4002 solemnitate
820 3934 1003 4002 orationem
1058 3931 1198 4005 haberet
1248 3958 1319 4005 non

366 4052 453 4124 adeo
477 4060 516 4124 ut
544 4053 754 4126 reconditum
784 4053 923 4147 aliquod
951 4061 1187 4148 argumentum
1219 4053 1319 4125 docta
1386 4125 1399 4153 ᾗ
