3100 4942
800 561 847 639 64

333 799 428 846 mone
448 781 613 867 duplicem
633 783 852 844 accusativum
871 783 1085 845 adsciscere.”
1119 783 1242 869 Nempe
1260 787 1306 851 ita

332 892 445 952 solent:
468 905 553 972 quae
566 889 680 973 paucis
699 889 894 972 quibusdam
913 907 951 951 ac
972 892 1066 952 certis
1080 895 1213 976 propria
1230 905 1304 956 sunt

334 997 376 1058 ad
403 998 505 1058 aliena
528 997 635 1059 omnia
665 998 822 1059 audacter
847 997 995 1073 trahunt,
1029 986 1324 1082 quemadmodum

332 1103 386 1166 hic
408 1104 498 1187 quod
518 1090 627 1166 verum
650 1114 696 1166 est
716 1107 748 1167 in
771 1107 961 1196 ἀφαιρεῖσθαι
977 1127 1147 1191 perperam
1168 1110 1209 1171 ad
1228 1112 1304 1174 ἀπο·

335 1213 442 1296 τέμνειν
473 1211 662 1272 transfertur
687 1221 718 1273 et
748 1222 874 1274 tentum
901 1212 989 1274 abest
1017 1223 1052 1274 ut
1079 1214 1158 1276 nihil
1184 1236 1224 1278 eo
1247 1238 1306 1279 usu

257 1333 259 1340 ⁴
335 1322 373 1383 sit
392 1321 567 1405 vulgatius,
594 1329 628 1380 ut
649 1340 829 1405 numquam
852 1320 893 1383 ab
916 1323 983 1384 ullo
1003 1320 1128 1384 Graeco
1149 1326 1307 1410 scriptore

333 1429 378 1490 ita
400 1428 438 1488 sit
463 1437 670 1511 usurpatum,
705 1448 813 1511 neque
833 1429 928 1489 etiam
956 1449 1016 1512 per
1036 1439 1186 1492 naturam
1208 1433 1252 1492 rei
1274 1442 1306 1494 et

332 1534 484 1597 vocabuli
505 1534 555 1596 rel
577 1534 618 1597 ab
640 1534 863 1597 recentissimis
883 1533 1049 1598 Graeculis
1076 1539 1222 1621 usurpari
1250 1559 1307 1623 po-

334 1643 440 1704 tuerit.

374 1753 420 1814 lle
443 1753 630 1814 accentibus
657 1753 731 1815 satis
759 1753 908 1816 diximus.
945 1753 1110 1816 Addemus
1131 1774 1238 1837 pauca
1265 1755 1308 1818 de

332 1860 603 1944 interpunctione.
639 1859 677 1922 ln
695 1861 933 1944 antiquioribus
954 1860 1042 1922 libris
1057 1862 1123 1923 lere
1137 1861 1225 1924 nulla
1242 1872 1304 1938 est,

336 1977 371 2028 ut
394 1966 533 2051 pendeat
556 1967 658 2028 omnis
681 1967 722 2030 ab
746 1966 879 2028 arbitrio
898 1988 1027 2041 eorum,
1053 1969 1110 2050 qui
1130 1971 1308 2032 recentiora

334 2073 481 2134 fecerunt
511 2074 720 2158 apographa:
752 2075 829 2138 hinc
860 2073 955 2137 multi
983 2097 1105 2137 errores
1133 2079 1200 2138 nati
1235 2086 1310 2138 sunt

333 2181 423 2244 nullo
441 2181 571 2265 negotio
590 2182 770 2268 corrigendi
788 2182 831 2245 ab
851 2204 903 2258 eo,
930 2184 987 2267 qui
1006 2185 1086 2244 sciat
1105 2183 1308 2246 librariorum

335 2283 526 2372 negligentia
550 2309 649 2371 penes
670 2309 735 2350 sese
756 2309 822 2350 esse
843 2287 939 2350 huius
959 2289 1004 2349 rei
1027 2287 1194 2352 iudicium.
1227 2288 1307 2352 Gra·

332 2393 446 2454 vissimi
469 2402 541 2454 sunt
564 2393 654 2454 iniis
677 2395 773 2468 locis,
800 2393 855 2456 ubi
879 2394 975 2457 verba
998 2405 1072 2458 sunt
1094 2397 1178 2459 inter
1205 2397 1304 2458 collo·

335 2509 469 2586 quentes
501 2521 652 2583 personas
685 2501 925 2576 distribuenda,
968 2511 1003 2564 ut
1037 2503 1072 2566 in
1106 2497 1306 2568 scenicorum

335 2612 505 2692 po'e'tarum
526 2608 731 2671 carminibus.
767 2607 923 2693 Exemplo
942 2629 1007 2669 esse
1025 2620 1130 2692 potest
1151 2610 1306 2674 Timoeles

334 2715 423 2800 apud
446 2713 647 2778 Athenaeum
669 2717 727 2779 Vl.
748 2715 817 2778 224
838 2718 895 2799 qui
917 2727 1052 2800 putatur
1075 2720 1252 2805 scripsisse:

402 2824 503 2889 οὐκοῦν
524 2824 646 2900 κελεύεις
668 2831 715 2890 νῦν
738 2850 773 2912 με
795 2830 895 2890 πάντα
918 2825 1030 2912 μᾶλλον
1052 2827 1070 2896 ἢ
1151 2884 1156 2902 ,

406 2935 444 3022 zoi
467 2939 613 3026 προσόντα
636 2939 766 3026 φράζειν.
802 2936 888 2999 Πάνυ
911 2961 944 3021 γε
965 2934 1073 3027 δράσω
1096 2938 1182 3000 τοῦτό
1202 2961 1258 3001 σοι.
1299 2993 1304 3003 .

336 3064 402 3128 qua
422 3043 580 3125 scriptura
599 3046 738 3107 violatur
755 3065 858 3106 sermo
880 3043 1138 3115 Graecus,·nam
1160 3044 1241 3128 quid
1260 3053 1308 3106 est

324 3156 414 3216 ’πείνν
436 3149 533 3240 δρᾶν,
557 3162 588 3214 et
610 3152 690 3236 quid
712 3152 772 3213 sibi
790 3153 858 3213 vult
873 3152 958 3214 istud
980 3153 1037 3240 ye?
1060 3164 1091 3214 et
1110 3153 1205 3236 periit
1227 3172 1306 3214 acu·

335 3281 409 3322 men
431 3261 527 3320 totius
549 3261 621 3322 loci.
658 3260 872 3321 scribendum
893 3270 978 3322 erat:

494 3368 593 3432 οὐκοῦν
614 3365 734 3440 κελεύεις
757 3371 805 3430 νῦν
826 3392 863 3452 με
885 3371 983 3431 πάντα
1006 3368 1118 3454 μᾶλλον
1140 3366 1158 3435 h

270 3499 274 3506 ·
339 3476 378 3541 τὰ
401 3479 547 3568 προσόντα
570 3479 704 3566 ρρείζειν,·
727 3476 764 3538 Β.
789 3479 868 3537 πάνυ
890 3500 934 3563 γε.
960 3474 1000 3540 Α.
1022 3473 1129 3565 δράσω
1151 3478 1303 3542 τσῦτόσοι.

339 3604 377 3646 ac
406 3595 472 3645 tum
495 3585 608 3668 incipit
630 3603 716 3644 mera
740 3582 911 3644 mendacia
931 3583 972 3644 de
999 3583 1217 3647 Demosthenis
1242 3584 1306 3648 hel·

338 3691 399 3752 lica
412 3691 528 3753 virtute
545 3689 664 3750 dicere.
695 3688 732 3750 ln
753 3689 933 3773 fragmento
949 3689 1066 3751 Eubuli
1080 3692 1170 3778 apud
1187 3690 1305 3754 Athen.

337 3797 393 3860 XI.
413 3796 479 3862 467
503 3797 584 3860 haee
606 3818 693 3860 nunc
716 3798 865 3881 leguntur
884 3819 976 3860 sensu
998 3820 1121 3862 vacua:

473 3907 563 3972 Μισῶ
586 3913 709 3980 κσὶκιςον
732 3907 933 3999 γραμματικὸν
955 3909 1066 3996 ἔκπωμ’
1092 3910 1149 3974 ἀεί.

471 4017 550 4108 ἀτὰρ
577 4017 616 4088 ὡς
640 4021 732 4101 ὅμοιον
757 4013 841 4102 οὑμὸς
867 4017 923 4092 υἱὸς
946 4023 1041 4106 ᾤχετο
