3100 4942
850 542 898 613 28

381 762 508 851 lerant,
526 760 670 832 subinde
687 770 862 856 crepantes
882 762 931 831 nil
955 762 1064 832 verius
1081 785 1192 854 neque
1211 762 1344 857 elegen»

381 884 449 953 tius
471 881 608 974 reperiri
630 904 738 975 posse.
773 882 904 952 Horum
933 881 1117 952 desultoria
1142 882 1275 973 levitas,
1300 892 1341 954 ut

315 1073 318 1082 ,
382 1004 455 1074 fieri
484 1001 585 1088 solet,
611 999 722 1070 effecit
746 1013 785 1068 nt
806 1001 861 1068 alii
885 1001 919 1069 in
941 1001 1108 1069 contraria
1131 1003 1242 1072 omnia
1260 1027 1340 1072 cur·
1414 1006 1416 1009 ’

375 1133 506 1212 rerent,
520 1123 578 1215 qui
592 1120 685 1189 illam
704 1122 926 1214 petulantiam
938 1122 1123 1230 indignati,
1139 1131 1252 1192 actum
1269 1145 1341 1194 esso

383 1247 426 1318 de
448 1242 618 1315 veteribus
637 1241 732 1311 libris
753 1243 945 1330 clamitant,
972 1244 1005 1312 ni
1028 1250 1140 1327 tantae
1162 1243 1342 1312 temeritati

384 1367 517 1438 obviarn
544 1370 656 1431 eatur:
681 1362 765 1430 nihil
792 1365 929 1433 omnino
950 1349 1158 1456 tangendum
1183 1363 1237 1433 rel
1261 1387 1342 1432 mo·

385 1484 532 1555 rendum
560 1491 676 1552 eontra
703 1480 976 1552 membranarum
1005 1482 1107 1552 fidem
1133 1493 1167 1554 et
1191 1485 1344 1553 auotori-

386 1615 489 1676 tatem
512 1604 682 1696 imperiosi
706 1603 926 1673 contendunt.
957 1604 1078 1674 Omnia
1103 1581 1166 1674 sibi
1187 1605 1266 1673 satis
1285 1607 1345 1674 in·-

386 1724 538 1816 telligere
567 1734 601 1794 et
628 1723 807 1794 defendere
844 1750 943 1820 posse
977 1726 1150 1797 ridentur:
1172 1726 1273 1795 nihil·
1293 1734 1344 1796 est

387 1845 470 1915 adeo
496 1841 682 1912 absurdum
711 1843 795 1934 quin
826 1855 1026 1938 expromant
1052 1846 1209 1917 alicunde
1231 1825 1346 1918 *unum

277 2044 280 2051 ,
386 1979 419 2039 et
443 1964 586 2033 alterum
609 1959 723 2027 locum
737 1960 899 2051 similem,
926 1963 1017 2033 unde
1042 1964 1215 2057 vulgatam
1237 1969 1345 2061 serip-

361 2149 365 2155 .
386 2099 498 2159 turam
512 2085 621 2175 ferri
631 2105 735 2174 posse
756 2092 791 2150 et
814 2085 1050 2174 tolerabilem,
1073 2093 1112 2154 ut
1131 2087 1241 2177 aiunt,
1267 2111 1345 2157 sen-

386 2208 525 2280 tentiam
570 2203 740 2271 eoutinere
788 2201 1020 2274 demonstrant
1056 2205 1194 2275 seilicet.
1254 2206 1346 2277 Inter

388 2339 550 2419 utrosque
568 2320 676 2392 media
695 2321 746 2390 via
765 2323 991 2394 incedendum
1009 2327 1156 2416 esselis,
1180 2325 1240 2418 qui
1260 2335 1345 2396 reto

389 2471 465 2516 rum
486 2451 786 2513 monumentorum
810 2443 889 2513 boni
910 2446 1108 2541 interpretes
1129 2469 1201 2516 esse
1222 2447 1343 2538 velint,

390 2573 546 2661 apertum
561 2571 622 2631 est.
643 2561 770 2631 Pariter
788 2572 918 2652 errant,
940 2567 999 2658 qui
1012 2567 1210 2660 incorrupta
1223 2575 1346 2638 temere

390 2693 521 2756 tentant
537 2692 571 2752 et
593 2683 653 2774 qui
676 2683 846 2776 explicant
863 2683 1056 2778 depravata.
1091 2686 1210 2756 Senior
1227 2687 1345 2756 Gram-

391 2806 531 2880 matico,
548 2825 664 2871 omnes
690 2812 809 2895 sponte
835 2803 930 2872 ducit
958 2803 1001 2872 ad
1026 2804 1200 2896 Critieam‚
1234 2831 1345 2901 neque

391 2933 512 2995 natura
534 2925 691 3016 cuiquam
715 2923 809 2991 illam
831 2922 1028 2994 facultatem
1049 2922 1182 3020 negarit
1207 2929 1344 3019 nisieui

391 3046 525 3138 negavit
534 3045 670 3113 omnino
683 3042 861 3113 iudicium:
874 3043 917 3113 ad
929 3045 1017 3115 hanc
1034 3056 1165 3116 mature
1178 3050 1223 3116 ita
1240 3049 1344 3119 infor·

382 3163 504 3233 'mandi
524 3171 603 3230 sunt
616 3164 768 3250 iuvenes,
797 3172 834 3230 ut
853 3165 887 3231 in
904 3165 1134 3256 cognoscenda
1148 3169 1345 3260 antiquitate

391 3307 460 3355 non
475 3306 553 3351 eum
577 3280 672 3350 libris
698 3281 760 3350 sibi
783 3283 950 3374 agendum
972 3284 1029 3353 sed
1051 3309 1129 3354 eum
1150 3286 1345 3356 hominibus

393 3402 598 3495 intelligant:
624 3401 723 3469 multi
743 3402 831 3470 enim
849 3393 973 3497 scripta
995 3404 1153 3474 Veterum
1170 3412 1345 3498 tamquam

393 3523 529 3598 oracula
558 3522 726 3615 quaedam
745 3522 798 3592 vel
824 3521 989 3616 Sibyllina
1017 3525 1097 3594 folia
1118 3526 1346 3621 contemplan-

394 3653 468 3732 tur,
494 3641 554 3712 ubi
577 3642 730 3711 abstrusa
745 3644 815 3712 sint
836 3645 947 3712 omnia
972 3647 1204 3738 et'peregrina
1225 3672 1287 3717 nec
1305 3649 1347 3717 ad

393 3787 522 3834 morem
546 3761 754 3856 modumque
777 3773 931 3832 nostrum
955 3765 1130 3834 metienda.
1174 3767 1245 3836 lmo
1267 3791 1346 3838 vero
1386 3836 1392 3848 „

394 3885 546 3955 homines
576 3907 708 3977 semper
746 3893 780 3953 et
809 3881 936 3976 ubique
968 3896 1048 3955 sunt
1080 3886 1246 3958 homines:
1279 3912 1348 3958 non

396 4005 482 4077 coeli
499 4007 692 4099 temperies,
712 4029 781 4076 non
800 4006 881 4100 reip.
904 4006 1030 4098 forma,
1049 4007 1156 4103 leges,
1176 4010 1347 4099 instituta,
