3100 4942
821 495 870 569 60

342 712 568 804 (Pythagoras)
592 711 625 779 τὸ
640 715 786 778 νουθετεῖν
803 711 967 803 πελαργοῖν.
1003 716 1259 785 Hemsterhusius
1279 724 1317 788 iis

341 826 547 888 annotatione
568 823 630 884 MS.
664 823 720 884 »L.
743 819 897 911 πεδαρτοίν
917 825 1084 906 quomodo
1105 827 1311 892 seribendum

341 945 421 1020 puto
441 933 548 994 etiam
579 933 609 992 in
643 929 821 992 Iamblicho
845 930 885 990 de
908 930 947 993 V.
970 931 1005 990 P.
1029 952 1051 993 s.
1077 931 1171 996 197.”
1210 934 1311 998 Simul

339 1039 542 1102 reddendum
564 1049 630 1100 erat
644 1036 838 1130 πεδαρτοίσεις
850 1039 1053 1111 Aristonem,
1069 1042 1102 1102 in
1123 1043 1197 1105 loco
1214 1066 1314 1128 quem

341 1149 390 1212 his
412 1147 608 1210 lamblichus
627 1145 805 1227 descripsit.
832 1143 848 1228 §
873 1143 943 1208 101.
967 1157 997 1207 et
1017 1148 1092 1210 2:31.
1116 1150 1171 1222 τὰς
1188 1147 1311 1242 ἐπανορ-

343 1261 450 1331 θώσεις
474 1256 571 1322 τεκαὶ
593 1256 795 1336 νουθετήσεις,
819 1253 854 1326 ἃς
875 1252 914 1323 δὴ
945 1255 1216 1347 πεδαρτοίσεις
1239 1262 1312 1326 ἐκοί-

343 1369 411 1433 λουν
433 1367 531 1432 ἐκεῖνον
557 1366 632 1450 μετὰ
659 1362 768 1436 πολλῆς
795 1363 931 1450 εὐφημίαις
960 1370 1047 1452 ᾤοντο
1072 1364 1134 1431 δεῖν
1162 1372 1311 1453 γενέσθαι.

343 1477 398 1538 ubi
430 1476 527 1558 vulgo
560 1474 675 1556 legitor
706 1468 932 1558 παιδαρτοίσεις.
991 1473 1028 1532 [n
1057 1472 1213 1538 Anaxilae
1251 1480 1316 1543 fra·

344 1595 472 1671 gmento
493 1582 685 1665 lepidissimo
710 1601 761 1662 ap.
788 1581 904 1642 Athen.
927 1579 1016 1640 xlll.
1030 1578 1106 1642 558.
1123 1603 1168 1645 vs.
1185 1585 1225 1652 12
1239 1607 1315 1672 sqq..

344 1714 436 1754 sensu
460 1690 612 1752 carebant
637 1685 732 1747 haec:

390 1803 414 1864 οἱ
436 1794 603 1885 Σινώπηιδ
627 1786 663 1856 αὖ
685 1796 815 1868 συνόντες
839 1795 894 1881 οὺχ
918 1794 998 1886 ὕδρᾳ
1022 1798 1126 1862 σύνεισι
1148 1805 1217 1886 υ1ν;

391 1917 481 2002 γραῦς
504 1907 555 1994 μὲν
578 1909 651 1978 αὕτη
661 1957 673 1988 ‚
695 1908 884 1994 παραπέφυκε
908 1904 936 1969 δ’
961 1910 978 1976 ἡ
1000 1909 1148 1974 Γνάθαινα
1172 1911 1290 1981 πλησίον

391 2021 429 2094 ὡς
450 2019 489 2081 τὰ
512 2015 609 2080 πολλοί
633 2013 659 2098 γ’
683 2010 736 2076 εἰσὶ
758 2015 875 2086 ταύτης.
923 2013 997 2088 ‘Eri
1018 2013 1172 2082 διπλοίσιον
1194 2024 1302 2086 κακόν.

389 2126 596 2190 Dubitabitne
627 2122 743 2204 aliquis
766 2121 904 2182 seribere
927 2143 1002 2183 cum
1025 2125 1189 2188 Dobraeo:

443 2234 498 2308 ὦς’
520 2233 720 2320 ἀπαλλαγεῖσι
744 2233 852 2306 ταύτης
874 2230 919 2304 ε’ςί
942 2231 1094 2298 διπλοίσιον
1117 2239 1218 2301 κακόν.

385 2345 555 2407 Praeclare
583 2363 688 2425 nuper
719 2341 894 2402 Meinekius
923 2343 956 2402 in
984 2342 1165 2426 fragmento
1193 2345 1317 2430 Hippo·

347 2455 482 2553 nactis:⁴
506 2451 580 2536 μηδέ
617 2477 677 2539 μοι
710 2454 757 2536 μῦ
796 2449 930 2514 λαλεῖν
967 2451 1115 2537 Λεβεδίην
1145 2452 1250 2540 ἰσχάδ’
1285 2453 1318 2518 ἐκ

350 2560 560 2649 Καμοινδωδοῦ
578 2560 758 2622 emendavit
773 2558 948 2646 μοιμήλλειν.
964 2561 1038 2622 vide
1050 2561 1203 2623 Babrium
1219 2561 1321 2624 Lach-

348 2675 457 2737 manni
486 2696 518 2756 p.
547 2670 609 2731 115
630 2690 680 2752 sq.
721 2668 774 2729 Est
800 2690 919 2753 operae
944 2670 1084 2752 pretium
1111 2668 1220 2731 videre
1243 2670 1318 2754 qui-

348 2782 408 2843 bus
441 2776 544 2840 modis
570 2773 686 2835 eruditi
723 2773 867 2837 homines
897 2776 973 2838 istos
1003 2778 1108 2850 loom,
1145 2788 1321 2861 antequam

349 2885 508 2950 emendati
533 2891 650 2954 essent,
677 2882 795 2944 fuerint
822 2884 1032 2967 interpretati.
1069 2884 1226 2947 Adiiciam
1257 2886 1320 2948 alia

347 3015 470 3084 pauca,
496 2991 550 3052 uhi
570 3010 644 3051 vera
666 2989 762 3050 lectio
782 3000 855 3052 ante
873 2992 972 3076 pedes
997 3002 1043 3054 est
1066 2993 1158 3054 simili
1176 2993 1319 3055 librario·

348 3128 420 3169 rum
443 3113 573 3185 stupore
597 3096 705 3159 adhuc
729 3097 822 3159 foede
845 3109 1011 3182 corrupta.
1046 3099 1195 3185 Sophiste
1215 3102 1320 3164 incer·

349 3223 417 3280 tus,
444 3209 501 3300 qpi
531 3204 646 3265 Dorice
673 3205 797 3286 scripsit
825 3206 858 3266 in
886 3205 974 3268 Galei
995 3204 1168 3289 Opuseuhs
1190 3232 1223 3292 p.
1247 3209 1320 3275 728.

351 3321 426 3382 οὕτω
448 3315 636 3400 μαυθοίνομες
655 3311 693 3374 τὰ
711 3311 843 3396 ὀνύματα
864 3311 913 3374 καὶ
936 3313 991 3385 τὼς
1017 3309 1209 3387 διδασκοίλως
1238 3315 1321 3380 οὐκὶ

351 3427 456 3514 ἁμές.
493 3422 563 3483 lmo
584 3439 677 3481 vero:
700 3418 751 3483 οὐκ
771 3417 867 3506 ἴδριες.
891 3420 1050 3482 Diodorus
1072 3423 1216 3485 comicus
1233 3423 1323 3509 apud

352 3534 468 3598 Athen.
492 3529 548 3593 vl.
572 3528 648 3591 239.

486 3640 533 3706 τὸν
555 3639 705 3730 Ἠρακλέα
729 3646 844 3725 τιμῶσα
867 3637 1010 3727 λαμπρῶς
1032 3639 1050 3706 ἡ
1073 3637 1154 3712 πολις

486 3746 514 3812 έν
536 3756 632 3812 ἅπασι
654 3750 713 3822 τοῖς
735 3745 836 3833 δήμοις
859 3747 968 3819 θυσίας
991 3749 1162 3834 ποιουμένη,

488 3857 527 3932 εἰς
550 3859 604 3930 τὰς
627 3857 726 3929 θυσίας
749 3855 859 3927 ταύτας
882 3855 1059 3942 παρασίτους
1082 3862 1124 3943 τῷ
1146 3857 1209 3944 θεῷ

488 3966 631 4034 οὐπώποθ’
654 3961 859 4054 ἀπεκλήρωσεν
880 3961 948 4028 οὐδὲ
970 3962 1138 4056 παρέλαβεν
