3100 4942
231 765 233 769 '
353 756 399 812 est
427 767 463 830 p.
488 744 552 811 132
581 743 674 832 (321.
702 742 756 829 B.)
785 744 906 833 ἀπέχρη
930 741 960 809 ἕν
986 754 1023 834 τῇ
1048 746 1140 837 βουλῇ
1168 756 1328 839 μήννσεςὴ

353 854 522 944 γεγενημένη
543 872 604 940 pro
623 856 640 923 ἡ
663 850 692 919 ἐν
716 860 753 939 τῇ
773 850 864 939 βουλῇ
891 856 1061 942 γεγενημένη
1080 870 1247 943 expuncto
1271 868 1329 951 μή·

350 990 438 1040 ννοις.
474 964 563 1027 llaec
579 964 687 1027 omnio
704 962 818 1026 vitiosa
836 982 901 1025 esse
919 964 1014 1027 lacile
1032 976 1101 1029 crat
1119 968 1153 1031 in
1170 990 1329 1054 quocum·

352 1096 419 1161 que
441 1071 582 1159 probato
600 1073 757 1157 scriptore
783 1071 1054 1150 animadvertere,
1079 1084 1206 1158 quanto
1229 1081 1330 1167 magis

353 1184 388 1246 in
409 1182 535 1258 Attico,
562 1181 615 1244 oui
639 1200 706 1244 non
731 1171 852 1243 licebat
873 1180 975 1243 lotum
998 1202 1140 1267 unguem
1162 1184 1328 1253 discedere

354 1292 396 1355 ab
419 1311 456 1353 eu
480 1285 714 1352 consuetudine
743 1281 917 1368 loquendi,
945 1306 1033 1370 quse
1054 1289 1145 1373 opud
1175 1296 1328 1379 aequales

353 1396 514 1482 frequenti
540 1393 683 1457 omnium
707 1413 766 1455 usu
788 1391 870 1454 odeo
893 1392 1091 1471 invaluerat,
1117 1406 1238 1463 utnon
1260 1403 1329 1467 sine

353 1507 523 1571 affectatae
552 1513 584 1566 et
607 1500 742 1587 putidae
764 1500 919 1563 orationis
942 1502 1020 1566 vitio
1048 1504 1173 1591 aliquid
1201 1528 1220 1571 a
1246 1530 1330 1595 quo·

354 1636 454 1701 quum
483 1612 596 1677 novari
624 1618 741 1696 posset.
781 1609 1015 1675 Florentissims
1044 1623 1148 1677 octale
1177 1621 1331 1684 sermonis

352 1722 469 1797 Attici,
503 1739 605 1805 quum
638 1736 749 1781 omnes
779 1725 868 1779 recte
898 1718 1127 1802 loquerentur,
1163 1724 1267 1790 forme
1296 1738 1329 1791 ot

351 1830 543 1918 compositio
565 1826 737 1892 verborum
760 1836 830 1889 eret
852 1826 993 1905 stabilis,
1016 1830 1162 1893 omnium
1189 1836 1327 1901 maxime

351 1941 443 2005 iniis
466 1936 598 2021 'scriptis
624 1954 711 2019 quae
741 1935 952 2020 popularium
982 1938 1081 2001 vitam
1111 1948 1143 2003 et
1165 1962 1269 2006 mores
1293 1954 1326 2008 et

349 2048 513 2136 ingenium
536 2044 656 2108 referre
678 2039 852 2105 debebant.
887 2043 934 2106 Eo
955 2046 1058 2132 megls
1078 2047 1247 2115 offendunt
1265 2053 1327 2139 igi·

352 2168 405 2221 tur
427 2175 513 2242 quoe
545 2154 579 2215 in
607 2149 656 2213 his
679 2171 698 2212 a
720 2160 880 2236 perpetuo
907 2172 967 2214 usu
994 2174 1034 2218 ec
1060 2157 1186 2219 ratione
1210 2162 1326 2245 populi

351 2261 552 2329 Atheniensis
592 2259 768 2322 abhorrent
804 2279 910 2343 eoque
945 2262 1143 2325 manifestius
1182 2265 1326 2331 indidem

349 2393 437 2459 quoe
459 2370 526 2433 sole
552 2386 627 2432 vera
648 2375 783 2452 possunt
806 2386 872 2429 esse
891 2377 1100 2453 repetuntur3
1124 2369 1214 2435 haud
1235 2394 1327 2439 secus

352 2492 451 2565 atquc
485 2476 709 2562 unusquisque
740 2484 885 2537 nostrum
914 2474 948 2537 in
977 2478 1153 2541 vernaculo
1181 2501 1326 2546 sermone

352 2599 409 2652 eut
434 2588 496 2651 elia
521 2583 706 2669 aequalium
733 2581 860 2666 lingue,
893 2601 994 2665 quam
1021 2585 1213 2668 percellent,
1238 2598 1327 2653 recte

353 2698 442 2761 dicte
470 2695 511 2759 ab
532 2695 570 2757 iis
595 2712 681 2777 quee
709 2691 820 2755 vitiose
844 2688 998 2753 dicuntur
1027 2692 1123 2763 facile
1149 2693 1325 2782 distinguit.

353 2802 458 2868 Lnbet
479 2805 524 2867 itu
546 2820 735 2888 percurrere
764 2797 909 2882 Lysiam,
940 2808 975 2862 ut
1005 2798 1149 2887 diligenti
1175 2802 1327 2869 observo·

348 2913 436 2977 tione
458 2911 588 2998 linguae
607 2910 735 2973 Atticae
747 2906 834 2971 'vitio
853 2906 1035 2991 quaedem,
1061 2931 1147 2995 quoe
1162 2913 1321 2977 constanti

351 3020 495 3085 omnium
517 3017 624 3083 Attice
648 3016 851 3103 loquentium
873 3017 944 3079 usui
971 3031 1172 3105 repugnant,
1205 3022 1324 3090 oxima.

351 3151 433 3195 mus.
467 3128 540 3191 Non
560 3130 663 3193 solent
684 3126 784 3193 Attici
804 3131 1001 3201 κακονοοῦντες
1027 3127 1134 3191 dicere
1154 3140 1190 3193 ut
1209 3131 1325 3218 legitur

344 3262 389 3325 p.
416 3235 479 3301 182
509 3234 589 3322 (447
619 3233 672 3320 Β.)
705 3253 814 3319 neque
842 3233 998 3309 εὐνοοῦντες
1020 3235 1087 3321 ἡμῖν
1117 3244 1152 3297 ut
1184 3260 1218 3321 p.
1252 3239 1324 3303 131.

345 3345 447 3435 ’(316.
470 3342 524 3431 Β.)
547 3345 604 3408 sed
622 3347 737 3411 κακόνοι
759 3348 838 3418 ὄντες
861 3353 892 3406 el
917 3336 987 3409 εὖνοι
1006 3348 1097 3419 ὄντες.
1133 3344 1232 3426 Quod
1251 3346 1327 3433 legi·

356 3467 409 3522 tur
426 3481 461 3542 p.
482 3454 544 3519 154
562 3451 641 3537 (376
652 3452 707 3535 Β.)
723 3450 738 3517 ὃ
756 3449 793 3517 δὲ
809 3452 931 3539 μέγιςον
952 3457 1116 3541 τεκμήριον.
1150 3452 1248 3540 Δῆμος
1265 3458 1327 3544 γάρ

354 3567 417 3634 κτὲ.
441 3567 486 3630 ita
509 3565 568 3627 enit
588 3562 731 3627 Atticum
749 3563 773 3625 si
793 3560 827 3626 τὸ
842 3560 879 3627 δέ
898 3562 1071 3647 scripseris.
1100 3561 1192 3624 Idem
1212 3563 1324 3626 vitium

354 3674 473 3762 possim
494 3670 673 3734 tollendum
693 3680 749 3733 est.
783 3670 831 3735 Οὐ
849 3669 948 3745 καλῶς
964 3668 1116 3740 Ἀθηναῖον
1129 3674 1199 3737 ὄντα
1214 3693 1249 3756 p.
1265 3671 1326 3736 135

356 3780 437 3869 (326
457 3779 511 3862 Β.)
533 3797 628 3841 nemo
647 3776 829 3841 Atticorum
848 3798 1004 3863 umquem
1023 3778 1123 3855 dixit,
1154 3781 1211 3844 sed
1234 3782 1327 3847 καθα-

357 3898 428 3983 ρῶς.
460 3886 527 3954 Οὐκ
549 3892 660 3979 ἔφασαν
689 3885 839 3980 ἐπιτρέψαι
862 3910 896 3973 p.
923 3888 981 3950 131
1006 3888 1099 3972 (317.
1121 3888 1174 3975 Β.)
1204 3900 1237 3952 ct
1267 3888 1328 3953 134

316 3986 319 3993 ⁵
356 3996 449 4087 (324.
470 3994 524 4083 Β.)
544 3996 639 4085 longe
656 3997 745 4063 eliud
761 4008 808 4063 est
825 4018 926 4083 quam
940 3996 1126 4087 ἐπιτρέψειν,
1148 3999 1240 4085 quod
1259 4019 1329 4063 ore·
