3100 4942
664 557 712 630 27

214 791 333 857 contra
351 783 428 855 novi
444 803 578 876 semper
593 803 724 852 errores
740 805 782 852 ex
803 781 1019 856 librariorum
1034 791 1174 881 stupore

214 916 257 998 et
274 903 519 977 Graeculorum
542 910 665 970 temere
685 902 927 994 corrigentium
950 902 1088 976 libidine
1106 907 1174 1001 pri·

140 1019 142 1022 ’
218 1027 313 1098 stinis
330 1021 502 1095 erroribus
518 1019 739 1090 addebantur.
778 1020 869 1090 Haec
889 1023 1000 1090 omnia
1012 1023 1073 1095 diu
1094 1048 1174 1095 eru·

217 1147 279 1217 diti
298 1145 441 1216 editores
464 1138 616 1233 undique
637 1137 781 1208 collecta
800 1146 973 1232 tamquam
995 1143 1029 1211 in
1053 1142 1174 1214 horrea

215 1262 461 1351 recondebant,
488 1258 580 1328 unde
605 1267 818 1352 expromeret
837 1259 900 1328 sibi
919 1262 1063 1353 quisque
1080 1262 1175 1354 quod

217 1383 259 1453 ad
295 1380 477 1452 eruendam
512 1376 692 1471 genuinam
729 1376 907 1446 lectionem
939 1379 1048 1451 facere
1080 1382 1174 1452 vide·

45 1503 48 1509 ’
91 1531 94 1536 ’
215 1511 322 1574 retur.
354 1501 504 1571 Frustra:
529 1520 608 1565 nam
622 1493 739 1564 deletis
761 1495 1002 1587 utplurimum
1016 1502 1175 1594 antiquae

215 1625 402 1716 scripturae
419 1617 564 1710 vestigiis
582 1623 782 1709 supererant
797 1614 1053 1689 dormitantium
1070 1622 1173 1693 libra-

215 1743 344 1814 riorum
368 1737 649 1809 hallucinationes
670 1735 761 1805 unde
781 1736 830 1804 nil
850 1737 1037 1832 quidquam
1062 1743 1173 1817 bonae

216 1863 324 1956 frugis
355 1859 513 1948 extundi,
545 1855 604 1928 sed
632 1855 763 1926 levibus
789 1859 1067 1931 oorrectiunculis
1093 1887 1174 1934 ansa

217 1983 291 2052 dari
312 1981 445 2051 soleret.
484 1975 633 2046 Tandem
657 1983 794 2068 patrum
816 1977 959 2048 maxime
976 1991 1172 2056 nostrorum
1272 2069 1275 2073 ,

214 2102 375 2174 memoria
400 2100 611 2170 intellectum
634 2105 685 2166 est
709 2121 750 2166 ex
773 2095 1022 2188 antiquioribus
1038 2111 1072 2171 et
1093 2104 1190 2177 lim·,

215 2220 405 2320 pidioribus
429 2219 580 2292 fontibus
598 2219 698 2288 unice
722 2239 793 2287 esse
820 2216 1061 2311 hauriendum,
1087 2250 1170 2297 con-

216 2341 367 2434 stititque
393 2338 578 2410 admodum
607 2361 715 2433 pauca
740 2359 830 2426 esse,
865 2337 991 2430 quibus
1014 2341 1098 2414 fides
1117 2369 1172 2416 sa·
1282 2380 1288 2393 ¹

216 2465 259 2534 tis
279 2471 354 2533 tuto
373 2458 489 2529 baberi
503 2465 626 2552 posset.
661 2457 799 2550 Reperti
823 2464 904 2524 sunt
924 2461 1170 2536 nonnullorum

216 2589 417 2682 scriptorum
429 2583 561 2654 codices
570 2581 760 2675 archetypi,
778 2579 954 2672 exquibus
967 2580 1087 2672 reliqui
1100 2606 1171 2654 om·

76 2778 83 2790 ,
134 2715 136 2720 ’
215 2733 292 2800 nes,
306 2707 365 2801 qui
376 2705 505 2796 ubique
516 2702 684 2788 feruntur,
706 2706 787 2792 sunt
799 2701 992 2792 propagati:
1006 2725 1068 2771 nec
1083 2728 1168 2775 vana

215 2853 274 2925 spe
298 2847 507 2920 auguramur
528 2821 615 2910 lore,
647 2828 686 2888 ut
711 2817 894 2911 aliquando
915 2827 975 2888 aut
999 2845 1088 2891 unns
1110 2835 1170 2895 aut

217 2946 378 3045 perpauci
407 2943 545 3015 Codices
573 2940 652 3009 Mss.
680 2940 866 3033 unicuique
892 2942 1047 3034 scriptori
1071 2969 1170 3019 omne

214 3068 367 3141 lectionis
381 3076 416 3135 et
429 3061 670 3134 emendationis
686 3059 944 3132 fundamentum
960 3063 1027 3133 sint
1044 3088 1171 3162 suppa-

211 3189 361 3262 ditaturi.
1163 3204 1167 3213 ’

267 3310 325 3400 lis,
362 3305 424 3400 qui
459 3301 702 3398 comportanda
737 3301 855 3372 sedulo
888 3305 1026 3374 materia
1056 3305 1170 3377 Critici

215 3433 326 3508 officio
343 3450 415 3498 sese
427 3427 506 3494 satis
523 3409 612 3494 recle
627 3423 722 3517 fungi
735 3422 945 3494 arbitrantur
957 3428 1102 3518 oppositi
1115 3428 1167 3497 illi

215 3560 311 3641 sunt,
336 3547 396 3642 qui
416 3553 528 3640 spreta
549 3552 762 3615 vetustorum
780 3543 946 3615 librorum
969 3549 1169 3620 auctoritate

213 3673 272 3745 sed
299 3667 399 3740 feraci
428 3666 561 3759 ingenio
591 3663 708 3735 conlisi
740 3688 819 3734 sana
845 3666 969 3759 pariter
994 3675 1030 3736 et
1054 3669 1169 3739 vitiosa

212 3792 325 3864 subito
344 3786 437 3858 natis·
455 3784 657 3854 coniecturis
675 3783 873 3873 sollicitant,
895 3792 989 3853 tanta
1009 3784 1169 3858 facilitate

212 3933 344 4005 semper
355 3905 484 3999 aliquid
500 3906 578 3974 novi
591 3907 758 4000 parientes
772 3914 811 3975 ut
823 3904 938 3974 eadem
953 3906 1052 3975 variis
1064 3908 1166 3978 simul

210 4029 320 4102 modis
341 4026 525 4120 refingant,
558 4046 636 4096 mox
672 4026 736 4095 alia
768 4025 868 4095 etiam
893 4031 995 4118 atque
1018 4026 1083 4096 alia
1109 4027 1164 4097 al-
