3100 4942
743 551 816 625 158

442 770 491 856 χὼ
512 770 565 858 μὲν
587 770 705 857 κυνηγὸς
727 773 844 859 ἰχθύων
864 772 1019 840 aaaron
1093 791 1098 803 '

383 878 413 942 5.
437 880 536 972 &ripun
556 880 587 945 δ’
609 882 624 946 ὁ
648 880 767 973 γριπεὺς
790 883 917 973 ᾑρέτιζεν
939 885 1058 977 α’γρείην

441 994 482 1053 τοί
505 989 531 1055 τ’
553 993 629 1079 εἶχον
652 989 833 1058 υῒντέδωκαν.
859 996 922 1058 εἶτα
944 998 996 1062 την
1016 996 1114 1088 θήρην

440 1096 556 1187 ἤμειβον
579 1101 648 1187 οἱοί,
670 1099 776 1166 δεῖπνα
797 1100 929 1187 δ’“εἶχον
951 1100 1024 1172 ἡδίω
1032 1155 1045 1187 ,

441 1212 492 1285 ἕως
515 1232 557 1285 τις
578 1212 674 1285 αὐτοῖς
696 1212 788 1279 εἶπεν·
815 1209 900 1276 ditat
921 1210 970 1275 καὶ
993 1216 1102 1279 τούτων

441 1320 474 1387 τὸ
495 1321 609 1411 χρηςόν
630 1319 754 1399 ἐξολεῖτε
776 1330 813 1408 τῇ
836 1324 978 1405 σννηθείᾳ
986 1376 999 1409 ,

367 1428 418 1494 10.
442 1430 529 1497 πάλιν
552 1432 582 1497 δ’
605 1436 710 1507 ἕνας-ος
733 1432 755 1495 ἃ
776 1430 844 1522 πρὶν
865 1434 926 1519 εἶχε
948 1438 1076 1510 ζητήσει.

283 1558 350 1602 non
367 1560 451 1625 opus
467 1550 512 1603 est
529 1539 695 1604 ostendere
712 1560 813 1625 quam
828 1540 928 1601 multa
946 1541 1041 1604 insint
1058 1541 1142 1604 maie
1157 1540 1256 1630 Grae·

284 1669 324 1711 ea
351 1658 382 1711 et
414 1668 431 1711 a
457 1658 601 1713 veterum
628 1670 717 1713 more
751 1648 866 1711 aliena.
910 1648 995 1714 Vitia
1023 1652 1157 1715 metrica
1190 1652 1257 1716 duo

283 1760 392 1822 insunt
420 1777 466 1821 rs.
492 1756 522 1820 7.
553 1766 598 1817 est
619 1756 777 1830 senarius,
809 1775 885 1818 nam
907 1757 940 1820 in
963 1757 1075 1823 Ionica
1096 1760 1256 1838 dialecto,

285 1866 378 1930 ouius
395 1862 527 1949 vestigia
547 1874 707 1950 apparent
727 1866 760 1927 in
779 1865 915 1956 α’γρείην,
932 1870 973 1929 τοί
989 1889 1020 1931 τε
1026 1920 1039 1953 ,
1054 1870 1152 1964 θήρην
1158 1924 1171 1956 ,
1187 1890 1259 1933 ore·

285 1976 369 2040 tiens
390 1984 435 2038 est
457 1970 542 2044 ἡδίω.
567 1994 611 2037 vs.
633 1971 683 2035 10.
708 1974 771 2036 exit
793 1974 828 2036 in
854 1972 937 2036 duos
958 1977 1135 2058 spondeos:
1162 1999 1258 2063 prae·
1353 1981 1356 1983 ’

283 2094 370 2147 terea
391 2104 431 2146 ne
452 2082 536 2145 mica
560 2080 694 2167 quidem
716 2082 788 2144 salis
811 2083 908 2157 inest,
932 2102 973 2145 ne
995 2099 1104 2147 sensus
1124 2081 1260 2171 quidem

214 2215 216 2220 ¹
286 2195 367 2279 »qui
380 2190 548 2279 prudenti
565 2196 673 2255 vitam
695 2194 839 2256 oonsilio
860 2192 1028 2254 moneat.”
1059 2194 1143 2257 Num
1164 2205 1263 2280 pute·

285 2320 356 2363 rnna
380 2300 544 2363 meliorem
570 2321 637 2363 esse
662 2306 794 2386 poetam
818 2301 875 2387 qui
896 2301 956 2363 ista
975 2303 1140 2366 contexuit
1161 2324 1263 2390 quarn

286 2409 344 2495 qui
370 2408 470 2471 haee:
494 2390 631 2482 2214.

420 2522 528 2609 φάσκει
550 2516 579 2581 δ’
601 2518 617 2581 ὁ
638 2519 734 2605 μῦθος
756 2522 840 2583 τοῦτο
860 2528 950 2585 πᾶσιν
971 2519 1158 2612 ἀνθρώποις·

421 2622 537 2701 ἐλεινὸς
558 2632 619 2702 ten
640 2628 678 2703 εἰς
700 2631 842 2716 γυναῖκας
864 2626 1013 2717 ἐμπίπτει.

289 2731 366 2817 (ubi
380 2755 489 2799 versus
512 2739 570 2823 qui
591 2739 737 2823 sequitur
764 2749 811 2802 est
833 2737 1031 2833 διττογραρίοι
1058 2757 1167 2803 versus
1196 2737 1259 2817 13,

288 2842 422 2928 pessime
445 2857 619 2933 corruptus
640 2846 682 2910 ab
704 2847 929 2936 Lachmanno)
953 2861 1010 2913 ant
1032 2849 1129 2925 haee,
1148 2850 1206 2925 23,
1223 2846 1258 2909 9.

442 2950 575 3021 ἐντεῦθεν
597 2958 676 3044 ἡμᾶς
700 2957 778 3022 τοῦτ’
800 2962 870 3031 ἔοικε
892 2963 1057 3046 γινώσκειν·

446 3056 570 3147 ἄβουλον
591 3062 683 3151 εὐχὴν
703 3067 762 3139 τοῖς
784 3067 879 3132 θεοῖσι
902 3061 1086 3156 μὴψπὲριπειν

446 3166 479 3233 εἰι
500 3180 551 3246 τῆς
572 3172 642 3263 πρὸς
664 3172 971 3268 ὣροινῡέκρορουμένης
992 3175 1095 3252 λύπης.

292 3282 347 3338 aut
368 3274 427 3351 at,
453 3274 485 3338 9.

445 3386 581 3479 χαιρονσι
603 3386 703 3453 πολλοὶ
725 3396 783 3455 τῶν
804 3388 951 3485 ὑπερβολῇ
973 3392 1082 3485 κούροιν

444 3492 487 3588 ἐφ’
510 3496 549 3571 οἷς
571 3504 648 3585 ἄγαν
670 3499 818 3586 μέλλουσιν
839 3500 905 3589 οὐχὶ
928 3507 1088 3594 χαιρήσεινι
1116 3544 1119 3551 -

288 3620 328 3664 ae
356 3604 469 3667 similia
493 3607 629 3692 passim,
665 3630 751 3693 quae
775 3612 885 3695 spuria
915 3632 980 3675 esse
1004 3631 1114 3675 omnes
1135 3612 1261 3676 intelte-

285 3720 413 3773 xerunt.
443 3712 551 3777 Nihilo
574 3716 707 3779 meliora
728 3737 837 3803 neque
855 3726 952 3805 poeta
971 3719 1095 3784 Graeco
1114 3720 1262 3806 digniora

287 3837 353 3881 esse
368 3820 525 3906 pleraque
544 3824 607 3886 alia
630 3824 765 3889 criticus
783 3843 871 3890 nunc
889 3829 980 3893 nullo
1001 3830 1131 3917 negotio
1151 3848 1263 3915 argue-

284 3947 320 3991 re
341 3930 471 4014 poterit.

328 4035 412 4129 Satis
431 4039 514 4107 haee
535 4062 591 4109 vos
612 4043 883 4129 acuent‚¹optimi
906 4046 1057 4125 iuvenes,
1079 4046 1190 4135 quiin
1208 4047 1262 4112 Li·
