3100 4942
509 1276 1012 1367 rusorsrlouus

324 1683 402 1771 Pag.
424 1681 458 1747 6.
483 1643 702 1748 Incredibile
730 1684 825 1748 dictu
848 1690 900 1746 est
923 1705 1027 1770 quam
1050 1683 1196 1767 putidos
1220 1694 1252 1748 et

278 1795 428 1856 insanas
445 1793 676 1858 derivationes
692 1790 931 1878 protulerint).
955 1789 1085 1854 Morbus
1103 1791 1172 1866 ine,
1194 1793 1253 1877 qui

281 1901 338 1964 diu
378 1895 582 1986 multumque
615 1901 711 1964 eliam
742 1901 775 1964 in
807 1900 913 1988 patria
946 1907 1055 1962 nostra
1094 1909 1254 1984 grassatus

277 2020 345 2086 est,
371 2031 572 2095 quamquam
599 2009 737 2072 mullum
762 2009 805 2072 de
836 2009 969 2095 pristina
991 2008 1143 2072 violentia
1164 2013 1256 2072 remi·

279 2119 336 2193 sit,
363 2129 469 2182 {amen
490 2118 635 2181 nondum
659 2118 751 2180 desiit
780 2120 911 2181 saevire.
947 2117 1048 2179 Nemo
1070 2139 1159 2181 nune
1182 2121 1256 2205 qui·

282 2225 355 2287 dem
377 2226 444 2288 sine
463 2225 526 2287 risu
545 2225 630 2314 legat
650 2245 736 2309 quae
755 2245 795 2287 ex
815 2224 1036 2309 antiquiorum
1055 2237 1254 2289 commenta-

282 2333 336 2394 riis
356 2333 514 2419 excerpsit
535 2333 720 2397 Eustathius
740 2357 773 2419 p.
791 2332 895 2409 1384,
909 2331 963 2395 58.
988 2335 1202 2421 παρωνόμαςαι
1217 2332 1253 2399 δὲ

283 2443 343 2507 ἀπὸ
358 2453 409 2520 τῆς
426 2448 534 2520 πόσεως
552 2446 567 2510 o‘
589 2448 689 2531 πόσις,
706 2446 745 2522 ὡς
762 2445 850 2511 δοκεῖ
862 2443 1017 2529 παλαιοῖς,
1031 2441 1085 2507 διὰ
1101 2446 1252 2533 risores)-

283 2559 406 2642 ματικὴν
421 2555 589 2648 ὑγρότητα,
612 2557 651 2631 ὡς
673 2555 724 2621 καὶ
745 2557 760 2620 o‘
782 2561 872 2647 ripam
894 2554 954 2618 ἀπὸ
976 2559 1026 2619 τοῦ
1041 2551 1142 2644 ἄρδειν
1164 2553 1213 2617 καὶ
1236 2555 1252 2617 ὁ

282 2665 339 2738 υἱὸς
354 2665 413 2732 ἀπὸ
436 2670 488 2731 τοῦ
508 2668 576 2730 ὕειν.
599 2663 645 2730 διὸ
667 2663 717 2731 καὶ
740 2664 770 2730 τὰ
792 2665 885 2732 ἀπύειν
907 2663 1042 2729 ἐντεῦθεν
1064 2663 1162 2738 αὐτοῖς
1183 2661 1251 2728 ἐδό-

280 2798 322 2838 κει
344 2776 539 2866 παράγεσθαι
554 2775 634 2841 οἱονεὶ
656 2776 689 2842 τὸ
704 2774 756 2840 διὰ
780 2784 831 2851 τῆς
853 2776 925 2850 ὀπῆς
949 2777 1004 2839 ὕειν
1013 2828 1026 2860 ,
1049 2775 1120 2839 ὅθεν
1140 2775 1155 2838 ὁ
1178 2775 1248 2850 υἱός.

279 2881 414 2967 Sepulta
435 2883 561 2947 dudum
581 2885 642 2948 ista
668 2885 781 2948 eredas
799 2895 830 2948 et
852 2906 963 2948 omnes
987 2885 1052 2947 iam
1073 2881 1252 2967 resipuisse.

279 2989 415 3052 Multum
456 2993 555 3057 abest.
602 2993 676 3060 Non
708 3016 817 3059 moror
850 2997 984 3082 quidem
1021 2993 1255 3057 homunciones

280 3097 536 3182 complusculos,
573 3101 688 3186 quiin
718 3101 783 3163 istis
804 3099 862 3163 sibi
892 3102 1024 3186 placent
1055 3123 1095 3164 ao
1124 3113 1255 3190 sperant

280 3203 356 3267 hino
382 3206 561 3289 aliquando
591 3229 624 3270 se
652 3208 850 3294 primaevam
883 3207 1015 3272 humani
1042 3211 1166 3295 generis
1193 3211 1254 3274 lin-

282 3334 379 3400 guam
404 3322 436 3375 et
462 3313 640 3390 voeabula,
669 3315 789 3401 quibus
815 3316 910 3401 primi
933 3317 1077 3382 homines
1101 3320 1148 3382 usi
1171 3319 1252 3389 sini,

280 3428 481 3505 reperturos,
510 3442 586 3485 nam
609 3422 704 3487 video
726 3443 781 3484 eos
800 3444 865 3485 non
885 3424 986 3510 magis
1004 3445 1123 3488 nocere
1145 3427 1257 3491 Litoris

283 3551 383 3616 quam
410 3528 580 3616 prodesse,
617 3529 673 3591 sed
703 3529 792 3592 dolet
821 3527 1042 3606 Lobeokium,
1076 3531 1253 3596 Germano·

280 3661 352 3702 rum
377 3637 525 3724 quibas
552 3639 672 3701 Literas
699 3639 812 3701 colunt
834 3638 930 3724 longe
951 3638 1188 3714 doctissimum,
1223 3642 1257 3704 in

285 3747 507 3833 Teohaologia
549 3747 725 3811 verboram
772 3745 996 3823 Graecorum,
1040 3769 1140 3834 quam
1179 3760 1255 3813 ante

282 3854 341 3918 hos
364 3877 488 3940 paucos
509 3877 632 3920 menses
660 3857 779 3931 edidit,
811 3855 950 3919 seribere
970 3857 1114 3942 potuisse
1138 3881 1172 3943 p.
1196 3857 1251 3921 41.

285 3966 392 4057 »Οἴφω
420 3973 453 4028 et
480 3965 570 4031 ὀπυίω
601 3964 755 4039 fortasse
781 3985 976 4051 poronyma
1010 3973 1092 4027 sunt
1126 3965 1169 4028 ab
1200 3965 1257 4035 ὀπή

284 4073 346 4137 Ιιοι·
364 4081 415 4137 esi
445 4074 487 4136 ab
516 4096 558 4138 eo
580 4077 734 4160 eorporis
759 4082 864 4161 parte
885 4071 974 4136 unde
997 4077 1105 4137 scorti
1136 4096 1257 4138 nomen
