3100 4942
701 595 748 666 59

239 818 298 890 τοῖς
321 815 456 903 ὀνόμασιν
479 814 551 879 ἀλλ’
581 821 615 886 ἥν
637 839 691 882 πον
716 815 798 908 ρ’ῆμα
822 799 943 909 ἔκρνλον
969 818 1050 908 εὕρῃς
1077 817 1096 888 ἢ
1127 816 1213 893 αι’ντός

239 925 428 1014 πλασάμενος
443 927 546 1012 οἰηθῇς
565 927 634 992 εἶναι
650 925 740 990 καλὸν
757 928 850 1016 τούτῳ
864 929 963 1005 ζητεῖς
976 924 1107 994 διοίνοιαν
1122 928 1210 1022 ἔμαρ-

240 1039 326 1122 μόται
355 1032 403 1098 καί
427 1035 532 1120 ζημίαν
563 1037 619 1121 ἡγῇ
643 1035 679 1098 ἀν
710 1037 753 1120 μη
784 1034 959 1124 παραβύσῃς
983 1036 1055 1101 αὐτό
1082 1063 1130 1103 ποι
1159 1038 1214 1103 κάν

241 1151 283 1232 τῷ
304 1140 448 1231 λεγομένῳ
463 1139 535 1229 μηδ’
557 1141 718 1227 ἀναγκαῖον
740 1139 829 1223 (fort.
849 1139 941 1228 μηδὲν
963 1143 1077 1229 οἰκεῖον)
1098 1174 1116 1217 η
1123 1200 1136 1232 ,
1161 1144 1216 1212 οἷον

239 1254 338 1344 πρῴην
362 1249 408 1314 τὸν
431 1249 595 1336 θυμοίλωπα
619 1245 683 1313 οὐδ’
699 1247 785 1323 εἰδὼς
808 1252 825 1312 ὅ
846 1273 873 1315 τι
896 1252 1028 1338 σημαίνει
1049 1254 1215 1346 ἀπέρριψας

240 1361 324 1427 οὐδὲν
344 1359 456 1426 ἐοικότα
478 1365 520 1448 τῷ
543 1357 738 1448 ὑποκειμένῳ.
764 1355 814 1421 καί
838 1359 862 1422 οἱ
886 1356 938 1447 μὲν
969 1358 1084 1428 ἰδιῶται
1106 1369 1214 1440 ποίντες

240 1470 422 1542 ἐτεθήπεσαν
451 1467 506 1534 ὑπὸ
535 1472 585 1532 τοῦ
608 1463 687 1544 ξένον
711 1466 866 1555 πληγέντες
891 1471 930 1533 τά
953 1464 1036 1555 ὦτα,
1060 1473 1085 1537 οἱ
1107 1497 1213 1540 πεπαι·

241 1578 369 1668 ἀενμένοι
397 1578 427 1644 δ’
455 1575 502 1641 ἐπ’
532 1576 701 1668 ἀμφοτέροις
732 1574 782 1638 καὶ
811 1575 856 1640 σοι’
889 1576 939 1640 καί
970 1583 1027 1654 τοῖς
1056 1580 1215 1647 ἐπαινοῦσιν

240 1688 358 1777 ἐγέλων.
375 1689 492 1750 Facete
503 1684 688 1758 Demonax‚
704 1683 745 1746 de
756 1685 998 1769 quoLuoianus
1008 1710 1043 1773 p.
1056 1685 1122 1750 385
1133 1690 1216 1753 haec

239 1800 353 1863 referit
385 1795 513 1883 καὶμὴν
542 1794 681 1859 κάκείνων
705 1793 878 1881 καταγελᾶν
904 1792 983 1873 ἠξίου
1014 1794 1122 1862 τῶνέν
1152 1799 1217 1872 ταῖς

240 1908 361 1996 ὁμιλίαις
383 1911 460 1972 ποίνυ
482 1904 617 1995 ἀρχαίοις
640 1901 689 1966 καί
713 1901 802 1980 ξένοις
827 1903 947 1991 ὀνόμασι
973 1906 1151 1997 χρωμένων.
1176 1904 1214 1970 ἑνί

241 2020 309 2102 γοῦν
338 2013 511 2104 ἐρωτηθέντι
541 2008 590 2075 ὑπ’
621 2010 711 2075 αὑτοῦ
742 2007 827 2096 λάγον
850 2013 915 2076 τινά
945 2011 995 2077 καί
1016 2013 1218 2105 ὑπεραττικῶς

241 2123 439 2216 ἀποκριθέντι·
464 2119 523 2206 ἐγὼ
546 2121 598 2206 μέν
620 2142 673 2203 σε,
698 2122 751 2210 ἔφη
760 2171 774 2204 ,
799 2115 824 2184 ὦ
845 2119 963 2212 ἑταῖρε,
985 2127 1033 2186 νῦν
1056 2126 1194 2216 ἠρώτησα
1202 2178 1216 2211 ‚

241 2233 277 2299 σὺ
300 2235 335 2298 δέ
357 2258 405 2319 μοι
427 2231 466 2305 ὡς
487 2226 532 2296 ἐπ’
560 2227 776 2317 Ἀγαμέμνονος
798 2230 953 2322 ἀποκρίνῃ.
983 2230 1099 2294 Similis
1128 2234 1220 2319 lepor

245 2353 291 2405 est
313 2342 347 2406 in
365 2363 402 2404 re
423 2340 515 2403 simili
539 2341 639 2426 ipsius
667 2340 803 2420 Luciani
824 2363 859 2426 p.
879 2339 954 2403 344.
980 2341 1059 2427 ἡμεῖς
1082 2341 1147 2416 τοὺς
1169 2348 1218 2407 νῦν

242 2450 483 2546 προςομιλοῦντας
513 2450 682 2515 καταλιπὼν
713 2447 770 2540 πρὸ
793 2449 894 2536 χιλίων
924 2447 997 2516 ε’τῶν
1019 2454 1088 2538 ἡμίν
1117 2451 1217 2518 διαλέ-

242 2586 336 2650 γεται.
372 2559 462 2622 ldem
492 2560 613 2622 malum
643 2559 810 2622 Romanos
841 2570 871 2622 et
901 2561 1049 2624 Latinam
1076 2561 1219 2648 linguam

243 2671 379 2736 vexavit.
411 2669 592 2754 AugiisiuS‚
626 2675 760 2730 auctore
786 2667 940 2732 Suetonio
966 2689 1040 2754 cap.
1063 2667 1125 2743 86,
1158 2689 1217 2756 ge·

244 2801 310 2843 nus
329 2777 511 2862 eloquendi
524 2783 660 2838 secutus
682 2784 736 2839 est
753 2776 893 2863 elegans
914 2785 947 2840 et
971 2786 1218 2864 temperatum,

241 2890 363 2953 vitatis
383 2921 426 2934 -
445 2884 696 2948 reconditorum
728 2885 924 2961 verborum,
957 2895 996 2949 ut
1018 2889 1092 2972 ipse
1110 2887 1216 2962 dicit,

235 2997 445 3084 foetoribus.
469 2994 561 3056 Idem
582 2993 709 3056 Tiberio
731 3014 799 3057 non
816 2995 974 3080 parcebat
993 2997 1145 3060 exoletas
1165 2999 1219 3058 in-

244 3107 376 3171 terdum
403 3111 435 3166 et
459 3100 657 3165 reconditas
689 3123 787 3164 voces
813 3107 1013 3189 aucupanti.
1047 3105 1221 3168 Favorinus

246 3216 335 3303 apud
355 3213 492 3278 Gellium
508 3211 535 3272 Ι.
562 3208 606 3306 10
620 3208 858 3272 adolescentem
878 3200 1029 3272 octonum
1046 3211 1221 3273 verborum

244 3321 503 3410 cupidissimum
526 3323 558 3379 et
574 3317 765 3404 plerasque
784 3337 880 3380 voees
899 3320 1004 3380 nimis
1018 3320 1159 3402 priscas
1187 3325 1220 3380 et

243 3431 479 3520 ignotissimae
515 3429 554 3490 in
597 3426 813 3511 quotidianis
848 3427 1060 3490 sermonibus
1097 3449 1217 3512 expro-

247 3547 388 3604 mentem
400 3537 487 3601 hisce
501 3537 668 3623 increpat:
694 3531 771 3598 »Tu
789 3535 937 3620 proinde
947 3537 1052 3622 quasi
1061 3556 1135 3596 eum
1151 3557 1221 3596 ma·

248 3657 300 3710 tre
322 3645 484 3709 Euandri
501 3663 593 3708 nunc
616 3630 758 3726 loq'nare
779 3661 933 3704 sermone
951 3641 1076 3705 abhinc
1101 3640 1218 3703 εηιιίίίε

247 3757 354 3821 annis
375 3757 445 3818 iam
463 3753 573 3816 desito
591 3755 723 3826 uteris,
743 3751 838 3835 quod
855 3754 944 3814 scire
966 3759 1065 3834 atque
1088 3751 1219 3813 intelli·

244 3885 325 3952 gsre
352 3864 515 3924 neminem
534 3865 586 3924 vis
606 3881 692 3944 qnae
715 3859 847 3922 diens.’'
873 3859 938 3921 Sed
961 3858 1114 3944 legendus
1135 3867 1220 3920 totus

247 3975 339 4037 loeus
363 3981 425 4047 est,
450 3971 505 4034 cui
530 3970 698 4034 addendus
721 3969 801 4031 alter
829 3967 884 4030 lib.
909 3967 965 4030 xl.
990 3988 1064 4053 cap.
1090 3968 1121 4032 7.

288 4081 366 4167 Peg.
391 4080 440 4142 ll.
466 4087 527 4142 ant
547 4077 781 4162 procudebant
801 4097 889 4139 nova
917 4075 965 4138 nd
986 4095 1112 4140 omnem
1136 4095 1218 4137 ακο-
