3100 4942
704 506 749 581 91

230 722 366 789 matieos
388 730 541 809 paratam
556 723 700 790 invenire
721 728 835 793 solent.
871 730 911 795 In
933 732 1048 817 Lysiae
1068 737 1215 803 oratione

236 831 302 899 κατ’
329 831 517 924 Ἐργοκλέους
541 855 577 917 p.
600 832 672 897 180.
698 833 779 921 (440
800 836 854 921 Β.)
888 837 989 912 ἐπειδὴ
1011 848 1128 931 τάχιςα
1152 844 1212 913 2³25.

237 948 381 1023 πέπληντο
407 946 539 1014 καὶτῶν
566 947 709 1042 ὑμετέρων
738 949 910 1016 areum
934 953 978 1017 ad
1008 952 1097 1018 hune
1128 957 1214 1021 diem

236 1057 303 1121 sine
322 1056 505 1142 suspicione
524 1059 651 1145 iegitur.
683 1059 725 1121 At
743 1058 918 1123 barbarum
936 1070 982 1123 est
998 1060 1189 1136 ἐνεπέπληντο
1197 1120 1211 1153 ,

236 1166 316 1251 quia
337 1164 487 1253 πέπλημαι
512 1186 578 1230 non
606 1167 708 1253 magis
729 1166 837 1251 potuit
866 1166 990 1234 Graece
1017 1171 1083 1236 diei
1111 1198 1214 1261 quam

233 1276 369 1363 πέπειμαι
378 1328 392 1360 ,
416 1286 451 1339 ut
470 1277 534 1341 hoc
554 1285 637 1339 utar.
668 1274 785 1339 scribe:
807 1275 958 1353 ε’νέπληντο
966 1332 980 1365 ,
1006 1289 1041 1343 ut
1066 1283 1212 1349 solebant

234 1384 346 1469 Lysiae
366 1386 518 1470 aequales
539 1385 572 1449 iu
589 1385 699 1449 Attica
721 1386 825 1471 loqui.
847 1386 1079 1473 Aristophanes
1097 1392 1132 1456 in
1149 1393 1210 1461 Ve

165 1542 177 1551 .
232 1494 298 1580 spis
321 1491 418 1556 1301.
442 1514 491 1577 sq.

367 1598 446 1675 εὐθὺς
466 1600 527 1692 γάρ
549 1598 588 1675 ὡς
609 1597 744 1677 ἐνέπλητο
766 1599 882 1669 πολλῶν
903 1602 1053 1689 κάγαθῶν

364 1708 495 1795 iunias,
516 1707 647 1799 ἐσκίρτα.

233 1823 265 1877 et
288 1814 365 1880 alibi
390 1816 519 1903 passim.
553 1816 734 1881 Barbarum
760 1827 807 1881 est
837 1841 870 1903 p.
898 1816 969 1881 100.
996 1817 1076 1905 (235
1098 1821 1152 1908 Β)
1182 1825 1212 1891 εἴ

233 1945 304 1998 τινες
323 1928 532 2012 ’μαχεσάμενοι
556 1926 660 2011 ἔτνχον
685 1922 823 1996 ἀλληλων
850 1923 1123 2005 κατεάξαντες
1151 1934 1205 2008 τὰς

231 2030 366 2125 νεραλοίς
389 2055 449 2118 pro
470 2032 676 2120 κατάξαντες,
701 2033 755 2097 ubi
781 2033 904 2098 librarii
929 2036 964 2097 in
993 2037 1099 2103 media
1127 2039 1206 2105 bar·

228 2140 319 2205 barie
336 2142 404 2206 nati
423 2142 533 2206 sordes
555 2141 757 2227 aequalium,
782 2141 840 2225 qui
860 2144 1030 2229 κατεαχθείς
1047 2156 1081 2208 et
1099 2147 1206 2233 ipsum

231 2249 314 2314 adeo
335 2253 494 2330 saredune
513 2247 731 2334 usurpabant,
748 2248 861 2333 Lysiae
877 2249 1099 2316 affricuerunt.
1122 2255 1206 2321 Hine

228 2357 329 2442 paulo
354 2369 429 2424 ante
453 2359 549 2423 iidem
571 2358 784 2442 scripserunt:
814 2356 892 2423 ἄλλοι
916 2358 1013 2425 πολλὰ
1038 2360 1204 2453 ὑβρισμένος

229 2464 280 2529 καὶ
300 2466 451 2555 κατεαγεῖς
473 2470 527 2539 τὴν
548 2466 673 2557 κεφαλήν
680 2518 694 2552 ,
718 2466 774 2530 ubi
793 2476 960 2531 corrector
980 2468 1104 2533 codicis
1121 2469 1204 2537 Lau·

227 2576 365 2639 sentiani
393 2576 532 2663 καταγείς
557 2576 697 2638 correxit
723 2596 828 2661 quum
850 2577 1002 2662 κατεαγώς
1030 2575 1200 2643 debuisset.

221 2682 317 2747 Idem
328 2704 424 2771 saepe
440 2686 604 2778 ψηφίσομαι
619 2693 650 2747 et
661 2684 773 2747 similia
790 2684 908 2748 menda
920 2686 1073 2760 correxit,
1084 2707 1201 2771 quam·

228 2812 329 2875 quam
350 2794 512 2857 interdum
529 2793 660 2879 linguae
681 2791 784 2877 magis
804 2810 905 2876 quam
924 2792 1099 2855 sententiae
1121 2813 1220 2873 eon-s

226 2899 333 2963 sulens
362 2902 505 2986 reposuit
535 2898 673 2985 probam
703 2907 734 2959 et
763 2896 905 2959 Atticam
938 2897 1075 2963 formam
1102 2902 1136 2964 iu
1156 2937 1202 2949 --

225 3013 313 3095 οὔριαι
334 3010 384 3073 rel
404 3013 568 3093 -ζομαι,
605 2996 660 3067 ubi
691 3003 847 3066 sententia
877 3003 974 3069 aliam
1002 3006 1200 3089 requirebat.

225 3116 301 3182 Vid.
323 3138 359 3201 p.
384 3114 455 3180 130.
477 3113 567 3200 (337.
589 3110 658 3197 Β.).
690 3110 872 3175 Barbarum
895 3122 941 3175 est
958 3135 992 3196 p.
1017 3111 1090 3175 130.
1109 3113 1200 3200 (320.

224 3224 279 3308 Β.)
300 3222 350 3290 καὶ
372 3222 501 3317 ὤφλησεν
523 3219 591 3306 ὑμῖν
611 3219 717 3309 μυρίας
736 3215 904 3310 δραχμάς,
922 3238 984 3303 pro
1004 3213 1108 3310 ὦφλεν.
1133 3219 1199 3285 hoe

223 3352 359 3417 quoque
385 3352 425 3395 ex
448 3328 660 3393 abiectissima
683 3325 864 3389 Graecitate
888 3328 1070 3405 invectum,
1094 3351 1198 3415 quum

219 3438 338 3527 ἕλειψα,
355 3436 433 3527 iiia,
450 3442 633 3531 ἡμάρτησα,
650 3434 828 3520 attremat,
842 3438 983 3527 ἔρρενσσ,
1001 3437 1084 3521 quin
1102 3440 1200 3503 etiam

222 3556 320 3640 ᾕρνσα
343 3558 374 3611 et
396 3548 479 3633 quid
496 3567 563 3611 non
584 3546 680 3609 huius
701 3543 826 3630 generis
847 3544 881 3606 in
902 3564 962 3607 usu
983 3554 1111 3607 essenu-
1126 3547 1197 3613 Hu-

219 3658 358 3721 iusmodi
377 3666 472 3741 turpe
495 3653 649 3717 mendum
677 3650 788 3715 adhue
816 3650 1042 3736 Aristophanis
1069 3672 1195 3717 versum

213 3766 438 3829 ¹commaculet
464 3765 498 3827 in
519 3762 651 3848 Lysistr.
678 3759 756 3823 553.

219 3872 301 3959 inr’
317 3872 417 3965 ἔντε’ξρ
429 3872 546 3941 τετανόν
562 3869 679 3962 τερπνὸν
695 3873 755 3945 τοῖς
772 3868 902 3964 ἀνδράσι
912 3868 962 3935 καὶ
978 3869 1185 3963 ῥοπαλισμούς.

211 3981 390 4049 barbarum
419 3992 465 4047 est
491 3976 603 4059 ἐντέξαι
624 4000 685 4067 pro
705 3976 843 4045 ἐντεκεῖνε
876 4000 984 4046 veram
1015 3980 1187 4045 lectionem
