3100 4942
669 684 672 691 ,
766 588 842 680 104

321 832 440 909 magno
461 808 569 881 taedio
591 800 823 876 describebant¹
842 801 1068 870 dormitantes:
1092 806 1193 890 quale
1212 807 1295 874 illud

321 941 367 995 est
389 926 509 993 alicubi
534 922 625 1011 apud
647 918 868 993 Athenaeum,
894 916 949 979 ubi
971 916 1005 978 in
1026 913 1215 999 Archetypo
1238 936 1296 980 co-

322 1037 395 1100 dice
426 1034 579 1118 scriptum
612 1038 658 1093 est
686 1035 747 1103 νῆες
775 1008 830 1112 aa,
862 1024 955 1111 quod
986 1042 1089 1109 quum
1116 1022 1298 1087 monachus

324 1142 440 1227 aliquis
461 1142 495 1203 in
516 1138 611 1203 ltalia
638 1134 833 1199 describeret
856 1154 917 1221 pro
938 1134 1090 1219 quiaque
1119 1139 1152 1194 el
1173 1134 1298 1219 viginti

324 1250 481 1335 deceptus
502 1256 609 1311 vetere
639 1245 873 1310 consuetudine
896 1244 973 1328 legit
992 1242 1071 1331 κύριε
1080 1294 1101 1327 ,,
1123 1242 1215 1304 cuius
1234 1262 1296 1305 no-

324 1357 418 1421 minis
439 1354 668 1441 compendium
692 1364 736 1418 est
759 1336 791 1420 a}
812 1350 1020 1415 tritissimum.
1056 1348 1199 1434 Reliqua
1221 1368 1298 1435 pars

324 1464 535 1548 discrepantis
545 1464 724 1549 scripturae
736 1462 874 1525 debetur
885 1456 1134 1532 correctoribus,
1153 1456 1194 1519 de
1210 1476 1296 1541 quo-

324 1594 397 1636 rum
409 1571 585 1634 temeritate
595 1570 669 1632 satis
681 1568 830 1631 diximus.
858 1566 978 1629 Possim
997 1563 1061 1625 hoc
1080 1564 1114 1626 in
1133 1562 1299 1647 Sophocle

325 1690 356 1745 et
384 1678 546 1763 Aeschylo
571 1678 754 1755 ostendere,
785 1678 844 1762 qui
870 1674 1001 1739 tandem
1030 1670 1208 1756 aliquando
1235 1672 1297 1735 ista

325 1787 421 1852 turba
440 1795 471 1850 et
493 1786 655 1871 farragine
676 1784 870 1847 variantium
890 1781 1084 1853 lectionum,
1108 1777 1196 1841 unde
1215 1778 1299 1842 nihil

323 1896 400 1960 honi
421 1895 489 1958 erui
508 1902 631 1978 potest,
658 1891 817 1955 liberandi
835 1896 948 1967 crunt,
972 1887 1167 1972 simulatque
1188 1886 1230 1949 de
1248 1886 1296 1949 le·

323 2002 484 2067 ctionihus
507 2001 678 2087 archetypi
708 2000 832 2063 codicis
860 1998 984 2083 ubique
1010 2004 1098 2060 certa
1123 1995 1191 2059 fide
1216 2012 1297 2061 con·

321 2110 429 2175 stabit.
464 2109 639 2174 Ostendam
662 2109 752 2174 brevi
779 2109 813 2171 in
835 2106 1024 2182 Athenaeo,
1047 2105 1108 2191 qui
1127 2113 1159 2166 et
1177 2104 1246 2190 ipse
1261 2104 1298 2168 in

316 2244 384 2285 arao
418 2220 533 2283 codice
566 2228 708 2281 servatus
742 2226 804 2293 est,
839 2235 939 2301 quern
974 2214 1085 2278 adhuc
1126 2210 1296 2289 habemus,

318 2328 406 2391 circa
429 2325 637 2391 undecimum
661 2324 827 2387 saeculum
848 2320 1035 2385 nitidissime
1053 2323 1087 2385 in
1104 2308 1299 2385 membranis

217 2416 218 2421 ἵ
320 2434 494 2520 scriptum,
517 2454 607 2498 nunc
626 2433 810 2495 Marcianae
828 2424 1051 2494 Bibliothecae
1068 2430 1204 2519 ἄγαλμα.
1230 2430 1308 2495 lte·-

321 2544 427 2629 liquos
447 2562 557 2605 omnes
579 2541 735 2604 Athenaei
760 2540 892 2603 codices
907 2560 947 2602 ex
968 2539 1030 2602 hoc
1049 2560 1116 2603 uno
1133 2538 1213 2601 libro
1230 2539 1297 2602 flu·

318 2650 398 2713 sisse
421 2650 547 2713 dudum
568 2650 693 2735 liquido
720 2659 858 2713 constat.
897 2648 984 2729 Quid
1012 2646 1202 2735 est'igitur,
1237 2667 1298 2710 cur

321 2758 405 2821 male
427 2757 531 2820 seduli
553 2757 691 2820 sutilium
713 2756 981 2844 apographorum
1000 2757 1077 2820 vitia
1099 2766 1248 2821 notemus
1268 2765 1300 2819 et

324 2864 454 2927 criticos
486 2866 678 2929 inducamus
709 2867 744 2930 in
777 2886 935 2942 errorem,
974 2866 1033 2951 qui
1066 2868 1100 2929 in
1131 2865 1300 2929 Athenaeo

324 2969 527 3033 emendando
546 2954 680 3056 saepius
691 2972 812 3035 nubem
828 2992 889 3059 pro
905 2972 1031 3036 Iunone
1044 2975 1298 3059 amplectuntur.

326 3078 431 3159 Quid,
461 3079 487 3141 si
515 3081 685 3143 ostendero
715 3082 888 3168 Epitomen
909 3102 996 3168 quae
1019 3083 1121 3145 fertur
1143 3081 1299 3147 Athenaei

325 3208 366 3249 ex
387 3187 448 3249 laos
465 3191 538 3275 r'pso
562 3186 738 3253 Marciano
758 3190 871 3254 codice
888 3199 963 3253 ante
983 3190 1139 3252 Eustalhii
1156 3201 1302 3275 tempora

328 3294 370 3357 ab
400 3294 705 3381 aliquo'Graeculo
738 3299 783 3361 ita
816 3300 999 3363 conlectam
1032 3318 1113 3374 esse,
1147 3308 1182 3360 ut
1209 3295 1301 3363 locos

328 3401 456 3486 gravius
477 3411 649 3487 corruptos
671 3402 714 3465 ad
738 3426 838 3468 unum
861 3425 971 3468 omnes
998 3405 1175 3482 omitteret,
1199 3408 1303 3471 levius

328 3505 460 3571 affectos
484 3519 520 3571 ut
540 3509 796 3574 commodissime
814 3513 923 3599 potuit
944 3532 983 3575 ex
1004 3512 1134 3598 ingenio
1152 3515 1299 3579 restitue·

329 3625 395 3679 ret:
420 3636 506 3700 quae
521 3637 571 3679 res
591 3625 656 3681 tam
676 3619 841 3683 manifesta
860 3629 920 3697 est,
945 3629 981 3682 ut
999 3621 1157 3684 neminem
1176 3622 1301 3688 Graece

330 3724 481 3786 scientem
504 3732 535 3785 et
558 3725 592 3786 in
615 3734 683 3787 arte
707 3729 819 3791 critica
838 3748 905 3791 non
927 3727 1025 3813 plane
1047 3726 1222 3813 hospitem,
1246 3732 1301 3795 cui

330 3830 626 3915 antiquumlibrum
635 3834 834 3899 Marcianum
843 3835 989 3900 videreet
999 3843 1151 3899 excutere
1160 3839 1302 3925 contige·

329 3939 384 4015 rit,
403 3938 459 4003 diu
471 3942 570 4026 possit
582 3942 690 4005 latere.
714 3942 809 4007 Istius
818 3943 956 4007 hominis
967 3942 1199 4021 correctiones,
1214 3966 1301 4031 quae

331 4046 441 4112 adhuc
466 4049 663 4115 vetustissimi
692 4050 815 4116 codicis
844 4051 1072 4117 auctoritatem
1096 4050 1297 4131 habuerunt,
