3100 4942
722 546 771 618 47

261 764 427 852 Aristoph.
456 765 583 850 Lysislr.
604 785 648 828 vs.
668 764 747 829 636.

530 870 589 940 ὧδέ
611 874 636 939 θ’
659 875 755 954 ἑςήξω
779 877 852 968 παρ’
874 879 973 945 αὐτόν.

262 992 293 1048 et
322 974 423 1046 alibi.¹
443 983 606 1046 Lucienus
636 985 704 1070 ipse
733 987 850 1048 erravit
878 1009 912 1070 p.
937 985 1012 1048 559.
1047 984 1097 1051 καὶ
1124 989 1181 1075 μὴν
1213 991 1237 1055 εἰ

263 1091 348 1158 ταῦτ’
371 1092 548 1178 ἀγνοήσομεν
568 1087 651 1156 οὐδὲν
671 1092 849 1177 γνωσόμεθα
874 1099 932 1157 τῶν
950 1091 1071 1158 ἑαυτῶν.
1108 1097 1238 1184 Turpis·

262 1201 358 1262 simus
386 1200 590 1262 soloecismus
616 1199 650 1262 in
679 1199 793 1265 ἑαυτῶν
822 1201 915 1263 laluil
937 1202 1171 1288 magistellum‚
1206 1219 1239 1271 ol

263 1305 443 1370 Lucianum
461 1308 555 1382 alius,
578 1306 684 1370 minus
701 1309 834 1371 fortasse
847 1308 967 1393 turpis,
987 1318 1020 1371 at
1033 1312 1239 1380 soloecismus

262 1423 391 1490 lamen,
416 1437 521 1500 quum
544 1416 722 1506 ἀγνοήσομαι
746 1427 872 1481 lantum
892 1436 960 1480 non
986 1418 1120 1505 ἀγνοήσω
1149 1434 1237 1489 vele·

262 1545 312 1588 res
332 1524 480 1588 dixerint.
514 1527 618 1590 Recte
635 1524 785 1592 Socrates
802 1551 836 1612 p.
858 1525 924 1590 569
949 1529 1086 1615 castigat
1109 1530 1166 1614 qui
1185 1555 1237 1617 με·

264 1632 374 1704 λιτήσω
406 1654 467 1718 pro
495 1635 688 1725 μελετήσομαι
717 1636 863 1701 dicebar:
900 1645 988 1700 recle
1013 1637 1082 1721 ipse
1109 1659 1143 1720 p.
1172 1637 1239 1702 564

262 1739 407 1829 διώξομαι
426 1747 592 1830 usurpavit
613 1767 651 1810 ex
670 1765 760 1808 more
779 1744 960 1807 Atticorum
982 1764 1044 1830 pro
1063 1741 1182 1831 διώξω,
1205 1756 1238 1809 at

262 1851 297 1914 in
325 1851 373 1914 his
402 1860 433 1914 el
460 1851 614 1914 similibus
642 1849 792 1913 omnibus
817 1858 849 1912 cl
877 1849 1040 1913 Lucienus
1067 1861 1098 1915 el
1119 1854 1236 1939 reliqui

264 1959 307 2022 ad
334 1979 434 2022 unum
465 1979 593 2033 omnes,
628 1958 747 2043 quiex
779 1956 867 2020 libris
896 1955 1003 2020 Allice
1027 1957 1235 2037 didicerunt,

263 2068 379 2154 passim
401 2064 621 2151 imprudenles
644 2064 830 2148 aequalium
851 2083 973 2126 morem
996 2077 1177 2151 sequuntur
1204 2078 1237 2132 el

261 2175 443 2240 Atticorum
462 2173 686 2235 auctoritatem
708 2171 868 2234 deserunt.

304 2284 382 2370 Pag.
407 2280 462 2345 20.
486 2303 558 2343 cum
577 2287 744 2343 conlemtu
765 2269 952 2342 abiiciendi
968 2282 1031 2343 istc
1049 2290 1147 2359 sunl,
1172 2287 1235 2370 qui

263 2395 367 2456 inani
397 2391 574 2454 uerborum
610 2390 758 2475 strepitu
793 2391 950 2450 incautos
988 2395 1021 2450 et
1056 2392 1235 2476 imperitos

262 2499 389 2581 fallere
397 2497 570 2585 possunt).
595 2497 761 2560 Proferam
781 2517 901 2571 unum,
922 2517 962 2558 ex
983 2518 1052 2581 quo
1070 2499 1112 2562 de
1123 2503 1237 2566 celeris

261 2608 451 2672 coniectura
465 2605 536 2668 fieri
551 2604 680 2692 polerit.
699 2605 808 2668 Exstat
827 2603 917 2689 apud
930 2604 1131 2671 Athenaeum
1142 2610 1233 2676 Xlll.

261 2740 296 2802 p.
330 2714 395 2782 597
418 2737 494 2800 sqq.
526 2735 657 2778 carmen
690 2714 871 2799 elegiacum
893 2712 1175 2794 llcrmesianaclis,
1200 2721 1234 2784 in

261 2844 330 2910 quo
363 2832 529 2886 enumerat
560 2832 682 2886 velares
709 2821 823 2884 poetas
855 2830 887 2884 ct
911 2821 1139 2910 Philosophus,
1175 2830 1234 2914 qui

261 2932 378 2995 amoris
410 2933 475 2996 vim
502 2939 680 2996 senserunt.
720 2930 766 2992 ln.
791 2949 831 2992 eo
858 2930 999 2994 carmine
1026 2933 1162 3019 legimus
1186 2957 1231 3000 vs.

256 3041 301 3106 69
322 3063 396 3127 sqq.

352 3148 471 3242 Ἀνδμα
494 3148 528 3216 δὲ
551 3148 597 3215 τὸν
619 3149 793 3243 Κυθέρηθεν
814 3148 1005 3240 ἀνοδμέψαντο
1027 3154 1144 3222 τιθῆναι

441 3263 564 3346 Βάκχου
586 3260 635 3325 καὶ
658 3260 750 3325 λωτοῦ
772 3263 928 3334 πιςότατον
950 3261 1057 3348 ταμίην

351 3371 485 3446 Μούσαις
507 3371 706 3439 παιδευθέντα
727 3369 902 3456 Φιλόξενον,
924 3367 971 3435 οἶα
992 3373 1143 3461 τιναχθεὶς

441 3483 539 3574 ὠρυγῇ
562 3484 670 3558 ταύτης
691 3478 766 3552 ἦλθε
789 3481 841 3546 διὰ
862 3481 987 3559 πτόλεως

352 3597 517 3682 γιγνώσκεις
539 3593 647 3658 ἀΐουσα
669 3594 762 3680 μέγαν
783 3595 893 3678 πάθον,
915 3591 947 3658 δν
968 3592 1129 3670 Γαλατείνς

292 3779 295 3786 ,
445 3705 541 3778 αὐτοῖς
566 3704 685 3792 μηλείοις
706 3703 806 3774 θήκαθ’
828 3702 884 3770 ὑπὸ
905 3707 1063 3796 προγόνοις.

304 3809 385 3890 Quis
412 3811 494 3877 haec
523 3813 696 3900 intelligit?
729 3812 831 3876 Nemo
853 3813 970 3879 hercle.
995 3815 1147 3879 Omnium
1173 3816 1235 3878 mi·

262 3920 349 3984 nimo
369 3923 427 4008 qui
446 3921 647 4008 interpretari
665 3930 838 3984 conamur.
861 3922 946 3985 Aodi
965 3923 1184 3988 hermannum
1201 3925 1235 3987 in

264 4027 421 4114 Opuscul.
447 4032 494 4099 lv
516 4053 549 4116 p.
570 4027 636 4096 249
659 4027 880 4098 »παιδευθέντα
904 4032 1065 4118 significat
1086 4035 1235 4118 castiga·
