3100 4942
725 509 773 580 55

265 726 388 812 νώμενος
408 725 472 799 τὰς
496 723 529 789 ἐν
550 727 624 800 τοῖς
645 724 903 820 ἀντιγράφοις
925 729 1234 818 ἔμμενενηιιυίας

264 837 541 928 ἡμαρτημένας
579 838 731 928 γραφὰς
761 837 843 917 ἷξες-ί
866 865 911 906 σοι
941 845 1075 930 σκοπεῖν
1098 841 1148 907 καί
1177 851 1235 909 τῶν

264 944 429 1036 Ὁμηρικῶν
452 943 528 1010 ταδί
530 966 538 981 ·
1060 1027 1065 1036 ι

330 1056 387 1130 όςί
410 1053 471 1120 ἐπεὶ
491 1053 523 1119 ἐκ
545 1055 659 1120 πολέων
682 1057 807 1146 πίσυρας
828 1059 1028 1146 συναγείρεται
1049 1067 1153 1136 ἵππους

330 1165 469 1257 λαοφόρον
492 1163 556 1228 καθ’
579 1161 658 1227 ὁδόν.

264 1272 396 1338 ἐνταῦθα
432 1275 492 1366 γὰρ
526 1273 597 1364 πρὸς
629 1271 712 1338 οὐδὲν
751 1274 911 1361 ἀναγκαῖον
942 1273 1055 1368 ἐγράφη
1097 1275 1151 1341 διὰ
1187 1285 1238 1344 τοῦ

264 1370 295 1468 γ.
320 1383 434 1476 νωθρὸν
449 1375 496 1448 οὖν
515 1382 546 1446 τό
563 1385 766 1470 σημαινόμενον
785 1381 834 1446 καί
852 1381 966 1475 σφόδρα
980 1384 1127 1476 ὑπόκωφον
1144 1409 1237 1478 προσ·

268 1491 382 1556 πίπτειν
402 1495 485 1555 ἔοικε.
509 1490 541 1556 τό
558 1488 594 1554 δὲ
610 1489 697 1581 χωρίς
719 1495 770 1553 τοῦ
795 1515 814 1577 γ
837 1495 956 1582 γράφειν
977 1493 1133 1586 Ὁμηρικόν
1153 1500 1237 1589 παρὰ

266 1601 353 1682 (fort.
378 1603 470 1686 πάνυ)
500 1611 536 1688 τῇ
557 1609 658 1694 χρήσει
679 1599 728 1665 καί
754 1609 797 1691 τῷ
817 1601 895 1692 λόγῳ
915 1604 1003 1669 παντὶ
1024 1605 1152 1692 συνᾷδον
1174 1605 1238 1672 ε’πι-

265 1715 360 1784 ειιιῶς.
388 1709 498 1804 τὸγὰρ
527 1713 776 1803 συναείρεται
799 1712 912 1799 μᾶλλον
933 1725 1088 1804 προσεχῶς
1109 1719 1238 1807 σημαίνει

266 1818 299 1884 τό
321 1823 455 1908 συνάγειν
476 1819 525 1884 καὶ
552 1823 737 1911 συναρμόζων
760 1817 810 1882 καὶ
832 1817 861 1884 ἐν
881 1821 990 1898 ἄλλοις·

574 1927 626 1993 σὺν
648 1927 677 1994 δ’
700 1935 793 2020 ἤειρεν
811 1929 917 2016 τὶμοῖσιν

265 2041 411 2125 συνήγαγε
433 2036 498 2110 τοὺς
523 2044 639 2113 ἵππονς;
663 2039 677 2102 ό
695 2036 732 2102 δὲ
749 2036 886 2118 βέλεος-ος
908 2038 1103 2132 Ἀριςοφάνης
1123 2045 1238 2109 κάκεῖνο

266 2143 298 2208 τὸ
324 2143 352 2209 ἓν
373 2148 438 2220 τοιῖς
461 2149 702 2236 παραποταμίοις
728 2148 873 2235 (μάχαις)
898 2150 1058 2238 λεγόμενον·

331 2255 464 2344 θρώσκων
486 2281 527 2330 τις
548 2259 628 2321 κατὰ
651 2263 730 2345 κῦμα
754 2259 890 2345 μελαιναν
917 2258 1001 2350 φρῖχ’
1024 2258 1164 2338 ὑπαλύξει

333 2360 413 2448 ἰχθὺς
434 2369 462 2438 ός
485 2389 517 2428 κε
539 2371 647 2456 φάγῃσι
670 2365 826 2441 Λυκάονος
848 2369 962 2458 ἀργέτα
984 2365 1078 2455 δημόν

266 2467 407 2534 δείκνυσιν
440 2472 479 2546 ὡς
517 2475 718 2566 ἡμαρτημένον
747 2473 924 2542 ὑπολείποιτο
961 2476 994 2540 ἐκ
1025 2487 1076 2552 τῆς
1108 2478 1240 2554 παλαιοῖς

265 2589 483 2672 γραμματικῆς.
507 2583 618 2673 οὐγὰρ
640 2587 700 2675 χρὴ
728 2585 761 2648 τό
789 2590 826 2659 ός
855 2609 894 2650 κε
926 2591 1095 2676 φάγῃσιν
1124 2589 1238 2653 άκοόειν

266 2688 305 2762 ὡς
329 2689 431 2780 ἄρθρον
452 2687 641 2757 ὑποτακτικὸν
663 2691 776 2779 μᾶλλον
798 2691 833 2758 δὲ
854 2692 921 2759 α’ντ’
944 2691 1138 2786 ἐπιρρήματος
1160 2722 1237 2789 παρ-

266 2797 394 2890 ειλῆφθαι
422 2799 455 2864 τό
481 2801 519 2874 ὡς
545 2801 582 2886 [ἢ
612 2801 725 2890 μᾶλλον
752 2800 910 2890 σύνδεσμον
939 2803 1077 2874 αι’τιώδυι
1109 2805 1238 2867 addita-

264 2917 407 2969 mentum
439 2909 625 2971 recentioris
658 2908 887 2992 Grammatici]
927 2907 1068 2980 δηλοῦται
1099 2910 1160 3000 γὰρ
1191 2915 1238 2972 ἵνα

265 3017 347 3103 φάγῃ
367 3017 486 3078 -ότι
509 3013 575 3102 μὲν
597 3007 659 3080 οὖν
682 3021 754 3080 τῶν
781 3014 959 3080 παλαιῶν
985 3014 1148 3102 βιβλίων
1177 3015 1238 3082 ε’πί

268 3122 308 3190 τό
338 3126 470 3215 χεῖρον
501 3125 704 3195 κεκίνηται
740 3128 757 3194 ἡ
792 3128 917 3216 γραφὴ
951 3123 1035 3215 φησὶν
1065 3117 1153 3199 αὖθις
1184 3124 1238 3191 διά

267 3231 400 3296 πλειόνων
419 3230 578 3310 ἐπιδείξειν·
603 3231 794 3319 ἐπανάγωμεν
813 3231 843 3297 δ’
865 3229 912 3295 ε’πί
933 3232 981 3296 τόν
1009 3230 1168 3322 Ἡρόδοτον
1189 3235 1240 3301 καί

263 3341 313 3406 τόν
344 3339 512 3433 διορθωτὴν
542 3339 590 3405 τὸν
616 3342 755 3406 Κοτναία
786 3337 994 3432 Ἀλέξανδρον.
1025 3338 1107 3418 η’ξίον
1132 3346 1193 3438 γάρ
1222 3347 1237 3410 ό

267 3453 345 3542 οἶνήρ
371 3455 490 3544 γράφειν
518 3448 684 3534 (οίντίτοῠ)
720 3459 809 3537 τῇσι
834 3450 1037 3524 Μιλησίων
1066 3450 1158 3541 χωρίς
1189 3459 1239 3518 τοῦ

269 3561 343 3625 ι’ῶτα
372 3568 437 3634 τῆς
470 3560 669 3635 Μιλησίων
697 3559 879 3647 ὑποκειμένης
911 3560 990 3643 (imo
1012 3557 1237 3648 ὑπακουομένης)

267 3669 379 3750 ἔξωθεν
412 3673 537 3760 χώρης
568 3671 587 3740 ἢ
619 3679 699 3759 γῆς.
732 3669 781 3733 καὶ
812 3667 873 3756 ἐγὼ
905 3666 940 3732 δέ
973 3691 1055 3759 φησιν
1084 3666 1240 3759 ἐπειθόμην

268 3785 357 3854 οὕτως
378 3783 453 3867 ἔχειν
474 3783 513 3847 τόι
542 3792 592 3858 τῆς
614 3791 751 3875 γραφῆς,
774 3781 821 3847 τόν
841 3779 871 3844 δ’
895 3776 994 3870 ἄνδρα
1023 3788 1074 3854 τῆς
1103 3780 1241 3870 α’κριβοῦς

270 3892 407 3965 συνέσεως
435 3887 646 3979 ἔτεθανμάκειν
655 3945 668 3977 ,
699 3891 779 3975 (εἶτ’)
806 3888 934 3976 ἐντυχὼν
963 3891 1022 3964 τοῖς
1053 3888 1243 3982 Ἡροδοτείοις

269 4000 366 4076 αὐτοῖς
398 4005 478 4068 ἔπεσι
514 3999 562 4066 καί
594 4003 737 4089 γενόμενος
769 3998 815 4066 ε’πί
853 3999 924 4066 τελει
956 4010 1007 4076 τῆς
1039 3990 1241 4086 Αἰγυπτιακῆς
