3100 4942
748 504 821 595 tsr

294 765 427 808 manum
452 765 552 829 quarn
578 753 644 807 tarn
666 752 817 829 proterve
844 742 883 806 iis
912 742 1059 807 illudere.
1098 744 1216 831 ltaque
1244 749 1270 812 si

294 855 367 939 quis
385 852 518 917 credero
539 862 662 939 potest:

429 970 465 1031 ἥν
484 986 531 1049 μοι
554 960 718 1055 προσέλθῃς
740 958 793 1025 καί
814 985 841 1026 τι
862 958 967 1053 γρύξαι
990 962 1135 1053 τολμήσῃς

294 1070 516 1137 choliombum
532 1092 613 1147 csse,
635 1071 766 1134 truatur>
781 1069 873 1153 quod
891 1080 988 1134 amet.
1018 1072 1058 1136 lu
1071 1093 1163 1136 versu
1182 1082 1272 1137 sexto

294 1186 437 1272 postulat
461 1180 627 1247 Graecitas
649 1186 685 1240 ut
707 1176 885 1241 scribaturs

494 1292 601 1367 ἄλλους
624 1289 789 1367 stortura
810 1288 876 1364 τοὺς
899 1290 1082 1381 drapum.

294 1426 371 1468 nam
397 1402 586 1483 ἀλωπεκιῒειν
611 1405 677 1466 τινα
705 1408 751 1462 est
765 1399 933 1484 -vulpim's
960 1400 1093 1464 artibus
1122 1400 1271 1485 aliquem

298 1517 559 1586 circumvenire,
579 1509 766 1587 ἀλωπεκιῒειν
788 1507 846 1571 τινί
860 1507 970 1570 alicui
985 1508 1149 1594 υσέριάαε
1156 1508 1272 1592 falla·

295 1624 370 1685 cias
400 1626 572 1684 ostentare
601 1616 665 1680 sive
690 1624 725 1678 ut
748 1612 909 1689 oblectes,
935 1613 1000 1678 sive
1021 1624 1058 1677 ut
1078 1634 1210 1679 moneas
1230 1637 1273 1680 ne

295 1728 447 1793 credulus
471 1727 630 1812 capiatur.
676 1722 860 1787 Genuinum
878 1743 944 1787 esse
962 1722 1051 1788 hunc
1073 1744 1199 1787 versum
1220 1726 1273 1789 rel

295 1836 398 1899 forma
425 1835 538 1899 Ionica
560 1832 698 1897 ostendit
718 1832 881 1923 ἀπείρητος.
926 1832 970 1895 At
992 1832 1119 1916 spurius
1136 1843 1181 1896 est
1204 1834 1272 1897 sine

295 1946 511 2009 controversia
531 1966 639 2011 versus
658 1944 804 2020 ultimus,
818 1943 923 2026 ,cuius
940 1962 1039 2005 causa
1060 1943 1170 2007 locum
1190 1954 1273 2007 ottu-

293 2053 333 2115 li:
363 2062 398 2115 ut
421 2073 510 2116 nunc
531 2053 648 2140 legitur
669 2052 749 2116 nihil
770 2050 950 2138 significat,
974 2072 1118 2138 namque
1135 2049 1273 2143 ὑπερεθέ·

293 2167 351 2239 ζειν
375 2160 507 2247 βασιλεῖς
522 2162 564 2226 ab
586 2161 650 2226 hoe
675 2163 748 2226 loco
770 2160 997 2224 alienissimum
1015 2168 1072 2222 est.
1104 2158 1188 2224 Satis
1203 2180 1271 2225 cer·

294 2278 362 2334 tum
384 2292 450 2334 esse
469 2270 585 2355 opinor
604 2270 762 2354 scriptum
785 2269 880 2332 luisse
903 2267 1097 2353 aliquando:

463 2379 569 2455 ἄλλους
585 2377 626 2446 ’δὲ
648 2378 780 2465 βασιλεῖς
801 2379 926 2470 αἱρέτιζε
947 2377 997 2443 καὶ
1019 2379 1101 2447 ποίει.

295 2488 387 2573 quod
409 2510 513 2573 quum
534 2489 666 2553 solemni
689 2510 797 2553 errore
818 2490 852 2553 in
873 2487 979 2578 ἕρέτιζε
1001 2489 1128 2553 abiisset
1150 2498 1283 2571 acutu-¹

293 2594 343 2658 lus
373 2596 490 2681 aliquis
522 2599 657 2661 restituit
683 2598 849 2690 ὑπερέθιζε.
889 2599 962 2663 Non
988 2606 1114 2661 tantum
1146 2598 1269 2690 αἱρέτιζε

293 2707 508 2791 recentiorum
528 2720 594 2786 est,
622 2710 792 2775 sedetiam
816 2710 948 2797 βασιλεῖς
971 2729 1032 2796 pro
1053 2706 1193 2793 βασιλέας
1212 2726 1268 2770 vo·

293 2814 413 2879 teribus
451 2817 617 2903 ignotum,
661 2841 729 2905 quo
764 2822 890 2908 turpius
927 2831 973 2885 est
1005 2817 1097 2906 quod
1131 2815 1268 2880 restituit

294 2923 521 2988 lachmannus
542 2948 587 2990 vs.
608 2924 660 2993 78.

464 3031 570 3118 βασιλῆ
592 3033 629 3101 δέ
650 3058 717 3127 φησι
740 3035 789 3101 τὸν
810 3035 894 3102 λύκον
915 3040 1094 3110 καταςήσειν

292 3160 354 3225 pro
370 3139 509 3212 lectione
528 3143 650 3206 codicis
668 3142 807 3229 βασιλέα.
837 3145 960 3231 Nempe
977 3142 1101 3231 βασιλέα
1115 3149 1267 3226 correpto

293 3248 404 3312 ultima
423 3248 574 3314 Graeculi
591 3251 758 3331 dicebant,
779 3256 838 3340 qui
854 3254 1041 3320 nesciebant
1054 3260 1265 3337 anapaestum

290 3356 325 3419 in
355 3356 498 3421 secunda
530 3360 605 3422 sede
636 3372 749 3426 contra
781 3372 882 3426 artem
914 3383 998 3437 esse,
1030 3358 1140 3446 βασιλῆ
1168 3378 1264 3423 nemo

293 3486 448 3550 umquam
461 3465 551 3530 dixit.
575 3468 750 3560 Αἱρετέζειν,
769 3471 862 3557 quod
873 3470 1104 3535 recentioribus
1115 3470 1267 3554 frequens

291 3580 337 3635 est
359 3582 393 3637 ut
410 3576 604 3664 χαιρετέζειν,
629 3579 773 3642 similiter
794 3580 829 3642 in
850 3580 969 3669 ἠρέθιζε
993 3578 1071 3642 abiit
1090 3578 1126 3643 in
1151 3577 1263 3643 sabula

291 3678 352 3759 61,
377 3684 416 3759 5,
446 3704 532 3770 quae
554 3694 621 3748 tota
644 3693 689 3747 est
712 3705 750 3747 cx
770 3684 983 3770 ineptissimis.

447 3799 488 3880 ᾔει
511 3795 630 3882 κυνηγὸς
652 3793 685 3872 ἐξ
707 3799 790 3886 ὅρους
811 3802 995 3882 κυνηγήσας,

446 3908 490 3989 ᾔει
510 3900 546 3967 δὲ
569 3902 683 3996 γριπεὺς
703 3904 807 3995 κύρτον
828 3904 943 3991 ἰχθύων
965 3904 1099 3989 πλήσας,

416 4048 419 4055 ·
445 4012 501 4079 καί
516 4036 577 4090 πως
597 4011 842 4100 σννηβσλησανεὶ
864 4012 911 4080 tt·
934 4012 1083 4089 αλλήλοις.
1199 4034 1203 4041 ’
