3100 4942
788 526 836 598 to

312 751 424 836 lagiae
442 745 598 834 sormam
629 743 806 830 deficiente
826 747 965 830 pulchri
995 768 1098 810 serrsu
1129 750 1293 834 eleganti·

316 879 421 944 aeque
456 865 578 918 temere
611 851 735 938 efficta)
777 852 865 916 Solet
905 866 1080 940 utrumque
1115 861 1226 920 vitium
1257 863 1291 922 in

317 966 441 1029 Graeco
463 981 608 1026 sermone
630 960 818 1024 eorumdem
841 962 1006 1026 hominurn
1029 985 1094 1027 esse
1116 976 1148 1026 ct
1175 988 1293 1030 vocum

318 1071 536 1136 obsoletarum
559 1053 738 1156 aucupium
769 1082 801 1134 et
829 1074 863 1136 in
884 1075 974 1137 novis
995 1075 1104 1160 inepte
1133 1074 1295 1162 lingendis

318 1190 375 1244 aut
406 1179 638 1265 componendis
660 1177 832 1255 κακοζηλία.
869 1179 1016 1267 Apparet
1043 1182 1077 1245 in
1108 1185 1295 1270 eriphane

320 1289 502 1364 Lucianeo,
527 1286 585 1371 qui
598 1287 692 1348 simul
712 1307 750 1350 ex
770 1289 997 1373 antiquissimis
1017 1286 1199 1354 Atticorum
1219 1297 1294 1378 poe·

321 1377 360 1466 tis
382 1405 489 1489 prisca
511 1401 608 1466 verba
630 1412 661 1464 et
688 1403 867 1466 locutiones
888 1403 1101 1489 excerpebat‚
1133 1401 1225 1462 simul
1254 1399 1297 1462 de

320 1531 379 1574 suo
399 1511 494 1574 stulte
513 1509 611 1574 verba
637 1509 783 1597 fingebat
806 1522 862 1574 aut
885 1513 1007 1575 usitatis
1033 1533 1073 1574 ac
1095 1511 1176 1573 tritis
1200 1508 1296 1570 inusi-

319 1632 419 1685 tatam
444 1633 476 1686 et
504 1622 684 1686 inauditam
713 1624 917 1710 significandi
951 1632 1143 1710 potestatem
1173 1616 1296 1680 tribue·
1360 1619 1371 1640 ‘

318 1731 376 1795 bat
399 1741 488 1794 tanta
510 1731 702 1808 stoliditate,
727 1745 885 1818 quantam
907 1735 960 1798 vix
991 1731 1103 1796 credas
1127 1729 1163 1790 in
1190 1726 1295 1789 homi-

320 1859 376 1902 nes
410 1849 505 1902 natos
534 1838 569 1900 in
596 1839 702 1904 media
734 1840 870 1905 Graecia
893 1841 1011 1906 cadere
1047 1837 1205 1925 potuisse,
1236 1835 1296 1896 nisi

319 1947 466 2031 plurimis
488 1947 637 2034 undique
662 1951 816 2036 exemplis
844 1951 920 2013 satis
951 1955 1124 2011 constaret.
1154 1944 1295 2007 Plurima

319 2055 360 2118 de
392 2074 508 2140 genere
542 2055 606 2118 hoo
637 2056 735 2119 docte
769 2078 808 2120 ac
832 2057 1002 2142 diligenter
1035 2053 1165 2139 collegit
1195 2050 1295 2114 Athe-

319 2184 419 2226 naeus
441 2163 496 2226 lib.
519 2164 579 2227 lll.
603 2189 636 2251 p.
666 2164 710 2231 97
734 2187 808 2251 sqq.
837 2167 871 2229 in
893 2165 942 2228 his
964 2165 1060 2227 etiam
1088 2164 1296 2247 antiquorum

323 2273 400 2337 vitia
435 2273 604 2350 sermonis,
645 2273 728 2336 inter
760 2295 844 2358 quos
874 2285 906 2337 et
945 2271 1142 2358 Sophoclem
1176 2271 1300 2334 mireris

322 2402 406 2456 esse,
433 2380 487 2443 cui
509 2380 708 2466 imprudenti
730 2382 850 2445 excidit
880 2383 970 2470 ἰσχάς
992 2383 1054 2454 νκός
1080 2402 1142 2466 pro
1166 2400 1297 2444 ancora

318 2488 352 2550 in
373 2487 437 2548 hoc
459 2488 602 2548 senario:

506 2596 626 2662 Ναῦταα
646 2594 677 2661 δ’
701 2594 882 2688 ἐμηρύσαντο
904 2595 967 2674 ναός
990 2595 1122 2684 ἰσχάδα.

366 2701 581 2789 Componenti
613 2705 696 2766 inter
727 2725 759 2768 se
786 2717 963 2793 utrumque
988 2707 1179 2791 scriptorem
1205 2703 1298 2766 facile

268 2845 270 2854 ν
323 2811 494 2899 apparebit
528 2813 708 2876 lectitatum
731 2833 797 2876 esse
819 2815 965 2879 Luciano
988 2798 1098 2877 locum
1119 2812 1294 2886 Athenaei,

324 2923 437 3008 utqui
461 2920 543 2986 bene
563 2900 664 2982 multa
688 2919 763 2982 inde
785 2921 819 2984 in
835 2941 903 2984 rem
921 2941 1012 2984 suam
1031 2921 1177 2994 verterit,
1201 2920 1299 2982 etiam

325 3029 542 3116 Sophocleum
564 3025 684 3115 ἰσχάδα
711 3050 787 3114 pag.
810 3029 872 3092 341
899 3037 998 3120 ὥσπερ
1021 3031 1091 3105 εἶ’τις
1114 3065 1156 3074 κ-
1179 3030 1302 3120 ἕκτοράς

328 3160 406 3210 τινας
430 3139 613 3227 άμριςόμονς
636 3134 686 3198 καὶ
708 3135 845 3221 ἰσχάδας
868 3137 993 3230 σιδηρᾶς
1024 3135 1106 3228 ἀράς
1130 3133 1179 3199 καὶ
1199 3159 1299 3200 ναυσι-

328 3241 421 3316 πέδας
450 3243 635 3327 ἀναχαιτίζοι
658 3247 708 3306 τοῦ
734 3239 844 3332 δρόμου
869 3243 901 3307 τό
925 3243 1027 3336 ῥόθιον.
1070 3244 1223 3328 Ineptum
1252 3246 1302 3306 ἕκ-

330 3373 416 3427 τορας
427 3351 536 3410 sumsit
556 3347 597 3410 ab
615 3347 848 3434 Lycophrona,
863 3369 962 3437 quem
981 3349 1097 3413 acerbe
1116 3348 1172 3412 sed
1190 3351 1304 3414 merito

330 3459 514 3546 perstringit
532 3481 565 3542 p.
586 3455 652 3520 350
673 3457 824 3552 Καθάπερ
837 3460 852 3524 ό
867 3461 1014 3526 Δωσιάδα
1032 3458 1129 3548 βωμὸς
1143 3459 1181 3524 ἂν
1195 3461 1237 3535 eh]
1251 3459 1303 3526 καὶ

328 3571 349 3638 -ἡ
373 3571 422 3632 τοῦ
448 3566 632 3656 Λυκόφρονος
654 3565 844 3660 Ἀλεξάνδρα
872 3568 922 3635 καὶ
945 3571 1035 3644 εἴτις
1055 3574 1097 3635 ἔτι
1118 3571 1227 3636 τούτων
1249 3573 1303 3642 τὴν

333 3680 426 3769 φωνὴν
448 3673 736 3770 κακοδαιμονέςερος.
769 3679 888 3745 Versus
908 3680 1133 3766 lycophronis
1152 3682 1304 3746 laudatus

333 3809 352 3851 a
374 3785 566 3850 Casaubono
584 3785 626 3847 ad
648 3784 851 3848 Athenaeum
874 3812 909 3874 p.
927 3788 987 3852 195
1016 3798 1079 3852 est:

507 3892 620 3968 Πεύκης
644 3890 765 3968 ὀδόντας
787 3897 907 3986 ἕκτοράς
928 3897 1137 3990 πλημμνριδος.

336 4046 340 4056 ·
370 4004 488 4068 Sumsit
517 4012 624 4067 autem
651 4003 693 4066 ab
720 4003 886 4071 Athenaeo
910 4010 1074 4072 Lucienus
1103 4010 1151 4074 τόν
1172 4014 1303 4102 άχρηςον
