3100 4942
724 542 796 615 155

274 774 362 843 orte,
385 784 472 851 quse
486 760 597 852 κλῖμαξ
614 761 749 839 dicitur,
774 763 820 825 sie
836 759 869 827 τὸ
888 761 1031 850 πλίγματι
1048 768 1246 853 κατακρατεῖν
1299 852 1301 857 ,
1354 791 1360 802 ·

274 874 446 939 dicebatur
470 871 728 941 καταπλίσσεοθαι.
764 870 803 934 In
823 881 965 935 extremo
981 871 1162 959 fragmento
1179 872 1248 935 Ari·

274 982 441 1070 stephanis
466 982 576 1046 adhuc
603 980 718 1045 stolide
740 980 874 1065 legitur:

694 1087 767 1176 οἴμ’,
788 1083 813 1152 ὦ
835 1088 1044 1181 Θρασύμαχε,

460 1198 503 1273 τίς
525 1200 610 1263 τοῦτο
632 1204 691 1263 τῶν
713 1195 875 1289 ξονηχόρων
897 1199 1045 1291 γηρύεται.

274 1325 352 1368 narn
380 1326 493 1383 senex,
523 1307 580 1391 qui
609 1305 711 1368 filium
732 1305 844 1368 irridet
869 1305 974 1369 verbis
994 1305 1085 1370 novis
1110 1316 1142 1371 et
1163 1308 1251 1372 oriris

276 1424 437 1492 utentem,
466 1415 535 1501 ipse
556 1415 665 1498 inepte
689 1415 790 1478 utitur
811 1412 1051 1499 dithyrambioo
1072 1414 1172 1481 verbo
1195 1442 1249 1505 yn·

278 1525 414 1617 ρύεσθαι.
450 1522 557 1585 Facile
579 1530 646 1584 erat
669 1541 709 1583 ex
730 1531 886 1607 corrupte
906 1522 1044 1587 lectione
1067 1524 1195 1613 τερύεται
1219 1536 1251 1591 et

277 1634 422 1725 reperierat
448 1651 560 1695 eruere
589 1630 784 1693 tritissimum
806 1632 840 1695 in
868 1632 934 1696 vita
963 1636 1126 1697 communi
1154 1656 1252 1700 voea-

277 1741 391 1806 bulum
414 1739 607 1831 repertricem.
643 1737 708 1801 Sed
732 1739 831 1803 redeo
857 1740 900 1803 sd
926 1760 979 1803 eos
1001 1740 1104 1820 loeos,
1134 1745 1254 1830 quibus

279 1849 499 1913 additamenta
515 1848 599 1910 male
616 1844 848 1911 adhaeserunt:
865 1857 911 1910 est
931 1856 1040 1912 sutem
1057 1853 1255 1917 teterrimum

279 1957 483 2044 corruptelae
507 1976 624 2043 genus,
657 1954 712 2019 ubi
734 1957 814 2019 istae
835 1958 1059 2021 annotationes
1080 1971 1256 2047 postquem

173 2054 193 2097 3
279 2066 364 2129 mole
389 2067 424 2131 in
446 2075 568 2130 textum
590 2066 786 2151 irrepserunt
810 2074 922 2150 postea
952 2065 994 2129 ab
1023 2068 1093 2130 aliis
1120 2068 1257 2134 librariis

281 2183 338 2238 sut
356 2174 427 2260 ipss
446 2174 623 2260 depravata
644 2184 718 2237 sunt
744 2183 801 2237 sut
826 2194 864 2237 ea
887 2174 984 2238 verbe
1008 2174 1157 2261 adquae
1178 2200 1255 2265 per·

278 2280 435 2346 tinebant.
480 2282 597 2367 Itaque
626 2281 659 2344 in
690 2281 729 2344 iis
761 2280 883 2365 duplex
916 2290 963 2343 est
998 2281 1086 2344 treus
1122 2302 1162 2346 ee
1195 2286 1255 2349 nisi

280 2399 451 2476 utromque
482 2390 623 2475 argueris
651 2388 730 2452 nihil
755 2389 867 2474 egeris.
912 2390 1067 2474 Exempto
1094 2391 1133 2453 sit
1165 2393 1258 2458 loeus

281 2498 394 2583 Lysiae
425 2497 458 2560 in
479 2504 561 2559 oret.
592 2496 673 2559 κατὰ
700 2496 874 2583 Διογείτονος
896 2518 930 2580 p.
954 2494 1021 2560 47³
1042 2494 1079 2557 B.
1106 2496 1160 2561 οὐκ
1181 2500 1256 2565 ἀνα·

282 2606 382 2682 λώσας
407 2607 494 2672 πέντε
515 2603 564 2669 καὶ
587 2606 672 2670 εἴκοσι
696 2616 770 2693 μναῖς
793 2603 826 2669 ἑκ
850 2604 1090 2691 πεντακισχιλίων
1111 2604 1258 2698 δραχμῶν

285 2716 318 2783 τὸ
346 2713 399 2804 μὲν
428 2722 516 2803 ἥμισυ
550 2714 648 2781 αὐτῶν
676 2716 776 2785 τίθησι
802 2714 911 2787 τούτοις
939 2712 1124 2799 λελογίσθαι.
1157 2715 1191 2777 in
1218 2736 1258 2779 eo

284 2823 358 2888 loeo
387 2822 505 2885 lacuna
531 2832 596 2899 est,
624 2831 659 2885 ut
686 2822 826 2885 ostendit
847 2842 898 2884 res
919 2824 988 2906 ipsa
1008 2832 1040 2885 et
1067 2821 1099 2888 τδ
1127 2825 1179 2910 μέν
1203 2824 1258 2887 eui

283 2932 364 2997 nihil
395 2929 587 3014 respondet:
625 2930 799 3016 legendum
832 2929 987 2993 arbitror:
1023 2931 1056 2996 τδ
1088 2931 1141 3021 μὲν
1171 2940 1258 3019 ἥμισυ

287 3040 368 3131 αύτῷ
392 3041 491 3111 effinse
499 3091 513 3125 ,
539 3038 586 3126 (τὸ
611 3039 660 3125 δὲ)
689 3042 798 3115 τούτοις
820 3040 975 3127 λελόγιςαι.
1000 3051 1097 3105 notus
1118 3054 1163 3106 est
1184 3065 1259 3107 usus

285 3150 376 3215 serbi
395 3152 506 3216 τιθέναι
524 3151 559 3213 in
578 3170 616 3213 ea
636 3171 679 3213 re.
711 3150 879 3235 Compone
897 3171 985 3214 nunc
1003 3169 1079 3212 cum
1096 3148 1147 3213 his
1161 3152 1260 3217 etium

286 3260 393 3322 locum
416 3283 450 3344 p.
474 3258 548 3324 474.
580 3264 701 3349 φάσκειν
725 3258 807 3323 δυοῖν
834 3256 956 3333 δεούσας
987 3265 1162 3330 πεντήκοντα
1186 3274 1262 3349 μναῖς

287 3400 333 3416 ·-
359 3364 569 3453 συμβαλέσθαι
601 3368 635 3431 τδ
664 3375 752 3453 ἥμισυ
784 3368 891 3433 τούτων
923 3370 982 3441 τοῖς
1016 3368 1147 3459 ὀρφανοῖς
1177 3364 1260 3437 ούσι

288 3474 447 3561 λελὰριςαι.
473 3475 647 3539 absurdum
666 3484 711 3539 est
728 3476 762 3537 in
786 3474 833 3536 his
855 3475 1063 3559 participium
1084 3470 1157 3541 ούσι.
1179 3479 1262 3563 quid

283 3586 410 3651 multa?
443 3585 557 3650 Latere
584 3586 618 3648 in
647 3606 686 3648 eo
718 3584 856 3647 arbitror
887 3586 1003 3669 τίθησι,
1027 3586 1080 3647 oui
1112 3590 1262 3673 apposito

286 3696 383 3759 suerit
403 3694 643 3779 interpretatio:
667 3692 827 3781 λελόγιςαι.
871 3691 968 3755 Plura
994 3694 1027 3755 in
1055 3695 1170 3778 paucis
1189 3715 1261 3759 ver·

286 3803 373 3867 sibus
394 3804 599 3887 reperiuntur
619 3801 653 3863 in
675 3801 786 3864 fabule
812 3800 974 3864 Bebriano
998 3820 1109 3863 recens
1132 3812 1260 3889 reperte

170 3902 174 3906 ’
288 3909 383 3977 xcv,
406 3908 451 3974 ss
471 3930 545 3997 sqq.

422 4017 532 4113 ε’λοίρον
553 4020 589 4087 δὲ
611 4016 678 4114 ρρὶξ
698 4018 805 4109 ἐπέσχε
826 4027 908 4087 νῶτα
930 4017 979 4085 καὶ
999 4023 1127 4106 κνήμας,
