3100 4942
730 547 776 618 55

262 770 427 855 posuisse
446 787 566 842 curas,
594 764 699 851 (quod
715 775 746 828 et
761 766 866 851 ipsum
883 768 958 830 satis
975 767 1161 854 ambiguum
1181 773 1242 853 est)

270 876 327 942 ὑπὸ
341 876 464 952 σκολιοῖο
482 877 607 943 τυπέντα
625 873 734 960 τόξου,
759 874 850 960 quod
873 876 923 938 vix
942 878 1056 940 credas
1078 899 1096 940 a
1116 877 1242 944 Graeco

272 993 391 1071 potita,
425 1006 626 1072 quamquam
650 982 841 1046 'Alexandro
871 985 1020 1068 aequali,
1054 985 1150 1050 scribi
1184 1009 1245 1072 po·

214 1088 216 1092 ’
271 1094 375 1156 tuisse.
410 1091 554 1154 Tanta-ne
576 1092 674 1178 igilur
700 1090 826 1150 Homeri
846 1099 878 1151 et
898 1090 1087 1158 Homericae
1117 1095 1246 1182 liuguae

272 1200 393 1262 oblivio
425 1199 567 1261 omnium
599 1206 819 1280 occupaverat
848 1196 970 1258 animos
993 1199 1088 1260 etiam
1114 1202 1150 1263 in.
1177 1204 1246 1288 ipsa

273 1307 381 1372 Ionia!
415 1309 479 1370 Sed
497 1309 571 1370 satis
592 1327 630 1370 ex
651 1306 700 1368 his
723 1326 882 1392 apparere
904 1306 1060 1382 arbitror,
1084 1310 1176 1393 quod
1196 1332 1249 1374 vo-

271 1417 377 1480 lebam
408 1417 587 1480 ostendere.
641 1413 830 1480 Carendum
867 1416 983 1502 igitur,
1028 1438 1070 1478 ne
1113 1419 1246 1484 istorum

272 1526 356 1588 futili
389 1527 581 1588 auctoritate
616 1527 649 1588 in
683 1524 908 1586 constituenda
943 1524 1086 1588 Graecae
1118 1528 1248 1614 liuguae

274 1636 429 1719 antiquae
452 1635 651 1718 cognitione,
678 1632 710 1694 in
728 1632 978 1716 interpretandis
997 1644 1054 1695 aut
1077 1637 1248 1700 emendari·
1282 1651 1284 1656 ’

274 1742 323 1806 dis
362 1743 571 1826 antiquorum
611 1741 827 1804 monumentis
866 1741 1079 1826 decipiamur.
1140 1745 1250 1834 Delegi

273 1851 565 1914 Hermesianactem
589 1850 807 1934 potissimum,
838 1869 939 1933 quum
964 1850 1113 1937 plerique
1140 1876 1250 1919 omnes

274 1957 468 2021 recentiores
486 1954 598 2046 iisdem
616 1955 761 2018 laborent
782 1956 881 2031 malis,
907 1968 1042 2041 propter
1062 1961 1251 2026 Ruhnkenii

276 2066 501 2128 auctoritatem
524 2062 689 2126 scribentis
715 2064 748 2125 in
768 2063 867 2148 Epist.
898 2062 973 2127 Crit.
1001 2067 1044 2127 ll.
1072 2091 1109 2152 p.
1129 2067 1195 2132 283
1219 2091 1251 2133 se

261 2163 411 2260 ¹captum
435 2175 562 2235 eximia
582 2174 749 2234 carminis
772 2173 1036 2257 pulchritudine
1055 2212 1098 2222 —
1124 2198 1190 2260 qno
1212 2179 1251 2239 in

279 2289 377 2346 tanto
405 2287 555 2346 veterum
589 2278 789 2365 Elegiarum
815 2282 952 2342 iactura
986 2283 1045 2343 uix
1072 2284 1253 2368 quicquam

272 2392 517 2476 praestantius
546 2388 718 2452 babemus.
755 2387 991 2464 Ruhnkenium
1019 2389 1166 2453 iuvenem
1188 2400 1253 2452 tam
1340 2409 1344 2416 ·

279 2496 451 2582 magnifice
470 2495 511 2557 de
530 2516 568 2557 eo
588 2497 717 2558 sensisse
733 2516 799 2557 non
816 2505 861 2557 est
880 2496 972 2579 quod
989 2498 1152 2559 miremur.
1176 2499 1253 2560 Erat

278 2616 346 2669 tum
367 2605 532 2668 saeculum
558 2606 591 2666 in
613 2604 797 2666 huiusmodi
820 2605 1031 2689 scriptoribus
1053 2603 1254 2668 celebrandis

278 2724 310 2777 et
344 2713 499 2776 ornandis
528 2713 661 2774 multam
698 2712 910 2782 eruditionem
944 2727 1141 2798 expromere.
1188 2710 1254 2773 Sed

277 2818 427 2885 iuvenilia
455 2817 487 2880 in
508 2817 564 2878 illo
587 2838 623 2880 ea
647 2817 752 2879 studia
783 2818 927 2893 luerunt,
954 2840 1052 2902 quem
1079 2821 1254 2882 maturiore

282 2936 386 2990 aetate
408 2926 482 2987 satis
505 2909 630 2988 constat
660 2923 812 3008 antiquos
833 2933 864 2986 et
892 2926 950 3009 qui
977 2925 1019 2986 ad
1044 2928 1254 3010 antiquorum

280 3036 447 3097 sanitatem
468 3033 613 3118 proxime
636 3030 837 3096 accedebant
864 3034 959 3095 unice
978 3031 1131 3118 probasse
1152 3041 1183 3093 et
1204 3031 1253 3093 di·

280 3145 403 3206 lenisse.

324 3247 401 3336 Pag.
425 3252 478 3311 22.
519 3247 568 3312 Ab
598 3251 843 3332 antiquissima
873 3252 1034 3311 memoria
1052 3268 1122 3333 per
1148 3247 1254 3309 libra·

280 3361 410 3422 riarum
433 3379 556 3420 manns
569 3360 762 3444 propagati
784 3361 853 3420 iam
877 3358 956 3421 alim
979 3355 1152 3420 erroribus
1171 3358 1254 3417 isto·

282 3488 373 3541 rum,
400 3464 611 3527 indoctorum
638 3464 809 3526 hominurn
829 3471 862 3525 et
883 3463 985 3526 aliud
1004 3466 1177 3548 agentium
1198 3465 1255 3527 de-

275 3577 425 3662 pracati
435 3572 656 3657 ferebantur.
693 3570 833 3632 Passim
862 3572 959 3658 apud
976 3579 1107 3632 veteres
1130 3572 1172 3632 de
1201 3595 1256 3636 co-

282 3682 393 3744 dicum
428 3681 525 3742 uitiis
561 3687 594 3741 et
631 3679 835 3764 corruptelis
872 3676 1031 3760 querelae
1065 3677 1254 3763 leguntur).

285 3770 586 3854 Luculenlissimum
616 3785 651 3846 in
684 3782 746 3845 hac
780 3804 814 3844 re
847 3781 1062 3844 testimonium
1100 3781 1255 3846 habemus

286 3896 478 3959 Philemonis
506 3895 595 3980 apud
616 3891 830 3976 Porphyrium
854 3890 887 3952 in
911 3889 1054 3968 Quaestt.
1079 3891 1256 3954 Homericis

286 4002 376 4069 vul.
398 4022 496 4092 quem
515 4003 642 4075 locum,
668 4000 746 4084 qnia
769 3997 850 4060 liber
868 3997 983 4082 paucis
1001 4006 1046 4059 est
1065 3997 1108 4060 ad
1125 4017 1257 4064 manum
