3100 4942
690 580 736 651 95

227 814 360 879 codices
381 808 476 871 unice
500 798 672 889 probatam
695 790 855 856 veteribus
874 791 1012 856 sormam
1033 794 1201 881 καθήσομαι

230 922 408 993 dedissent,
433 914 541 998 neque
566 904 693 992 ἡσυχίαν
716 940 761 951 -
784 899 855 979 ἕξειν
872 908 917 986 p.
944 899 1007 963 189
1033 900 1124 986 (441.
1146 902 1199 988 Β.)

221 1052 293 1118 pro
314 1026 403 1105 ἄξειν.
441 1018 562 1083 Eadem
586 1032 684 1098 opera
709 1009 820 1071 tollere
841 1006 961 1090 poteris
989 1015 1116 1091 turpem
1136 1029 1206 1074 ma.

220 1140 341 1203 ‘culam
363 1154 381 1196 e
402 1155 436 1216 p.
462 1126 524 1188 132
548 1118 637 1207 (319.
658 1115 717 1198 Β.)
743 1113 909 1201 ὡμολόγουν
934 1111 1067 1203 παρέξειν
1090 1116 1130 1190 εἷς
1151 1118 1203 1187 τὴν

236 1245 340 1333 βουλήν
347 1293 361 1326 ,
391 1240 456 1301 imo
480 1249 554 1295 vero
573 1221 732 1318 1παράξειν.
769 1222 904 1306 Saepius
925 1226 1072 1311 παράγειν
1093 1224 1132 1301 εἷς
1156 1224 1204 1289 τὸν

235 1351 329 1439 δῆμον
342 1358 375 1411 et
388 1340 500 1408 similia
520 1334 611 1421 apud
627 1333 753 1416 Lysiam
769 1338 960 1404 occurrunt,
981 1332 1077 1393 etiam
1092 1332 1126 1395 in
1142 1332 1206 1396 hac

232 1466 302 1552 ipsa
321 1458 466 1525 oratione
485 1473 520 1535 p.
545 1448 608 1510 132
629 1444 717 1529 (321.
738 1440 803 1524 Β.).
839 1440 1012 1503 Soloeeam
1030 1449 1075 1502 est
1093 1464 1127 1525 p.
1146 1438 1208 1503 tao

238 1569 327 1659 (390.
351 1566 404 1653 Β.)
431 1568 456 1631 εἰ
477 1562 592 1636 τούτους
614 1557 666 1645 μὲν
691 1560 786 1649 ἀφῆτε
793 1608 807 1641 ,
829 1557 898 1643 ἡμῖν
921 1554 953 1619 δ’
979 1553 1012 1619 οὐ
1037 1556 1203 1646 χαριεῖσθε.

236 1678 429 1767 quantillum
449 1682 517 1737 erat
540 1686 696 1754 reponere
717 1686 826 1729 veram
844 1663 981 1751 formam
999 1664 1111 1753 αἱρεῖτε.
1135 1662 1210 1727 Cre-

235 1789 389 1851 damusne
413 1782 454 1846 ab
478 1780 586 1843 Attico
617 1773 713 1839 soribi
735 1771 876 1859 poluisse
896 1794 931 1857 p.
956 1768 1019 1833 149
1041 1769 1131 1857 (362.
1155 1770 1209 1851 Β.)

237 1903 358 1963 ἅπαντα
381 1892 506 1964 πλείονος
531 1889 549 1959 ἢ
578 1884 725 1951 ταλάντου
753 1880 918 1966 τετίμηνται
947 1898 1008 1963 pro
1038 1879 1188 1964 τετίμηται
1194 1931 1208 1965 ,

120 2013 123 2018 ’
240 2016 295 2071 aut
321 2003 429 2070 ἔπιπλα
452 1998 482 2065 δ’
507 1995 696 2088 ἀπεφαίνοντο
720 2011 754 2074 p.
778 1984 842 2049 154
866 1982 955 2070 (378.
974 1984 1028 2069 Β.)
1049 2007 1111 2071 pro
1134 1988 1211 2051 ἀπε.

239 2113 363 2207 φαίνετο.
399 2108 521 2193 Aequd'
539 2104 646 2167 animo
670 2097 743 2162 tulit
764 2095 846 2157 haee
867 2091 1052 2168 Beklrems,
1076 2094 1136 2179 qui
1160 2104 1211 2157 ta-

238 2242 312 2285 mea
333 2228 421 2281 recte
443 2204 668 2279 emendaverat
687 2206 727 2273 ari
749 2202 831 2291 τείχη
850 2204 1023 2291 κατεσκάφη
1047 2221 1109 2286 pro
1126 2224 1211 2268 κατε·

241 2333 398 2419 σκάρησαν
413 2348 448 2410 p.
470 2322 532 2384 133
554 2318 641 2403 (321.
663 2312 730 2399 Β.).
764 2311 837 2376 Alia
854 2310 958 2374 multa
979 2330 1066 2394 quae
1087 2308 1212 2376 Graeca

187 2502 191 2511 ,
238 2457 304 2501 uon
323 2444 396 2498 sunt
419 2429 537 2495 nedum
564 2424 671 2489 Attica
696 2420 806 2484 adhue
827 2417 1107 2505 praeterriderunt
1133 2421 1211 2484 Edi·

238 2555 340 2620 tores‚
366 2539 481 2606 veluti:
503 2531 590 2599 αὑτὸν
604 2566 648 2577 -
662 2528 719 2614 οὐχ
743 2524 798 2591 οἷοί
819 2550 850 2591 τε
870 2522 939 2590 εἰσίν
961 2521 1130 2601 ἐπεξελθεῖν
1151 2546 1213 2611 pro

239 2654 321 2740 αὐτῷ
347 2678 383 2739 p.
408 2646 471 2712 188
501 2642 591 2731 (463.
620 2638 674 2722 Β.)
706 2639 746 2702 τά
771 2638 880 2724 ρέγιςα
905 2633 971 2727 περί
1000 2634 1054 2704 τὴν
1078 2632 1211 2723 πατρίδα

241 2762 378 2834 ἠδίκηκεν
403 2783 438 2845 p.
461 2752 522 2820 189
546 2749 635 2837 (464.
663 2747 716 2832 Β.)
749 2745 805 2808 ubi
826 2752 968 2830 praestat
995 2743 1065 2834 περί
1085 2763 1212 2829 expun-

241 2890 315 2957 gere
339 2886 440 2953 quam
464 2863 632 2951 ἡμάρτηκεν
660 2852 810 2917 scribere.
841 2852 959 2939 ἀγαθόν
984 2873 1012 2916 τι
1036 2848 1149 2943 πράξαι
1175 2859 1211 2939 τῇ

241 2976 320 3043 πολει
342 3000 377 3061 p.
398 2971 461 3036 134
488 2970 578 3058 (324.
601 2964 655 3049 Β.)
677 2984 738 3050 pro
760 2966 812 3030 την
830 2962 922 3027 πολιν.
953 2958 1029 3025 Ὀτε
1048 2960 1131 3023 male
1150 2979 1213 3046 pro

241 3092 284 3153 ὅτι
307 3087 447 3172 positum
470 3091 515 3145 est
538 3101 571 3164 p.
600 3077 663 3139 152
688 3073 779 3161 (371.
799 3070 852 3157 Β.)
877 3070 934 3134 ubi
955 3068 1146 3156 legendum:
1169 3073 1212 3134 ὅτι

242 3188 289 3262 οὖν
304 3197 425 3259 τοιαῦτα
439 3191 533 3257 πολλά
548 3188 699 3279 γεγένηται
710 3220 753 3231 -—
766 3180 838 3255 εἰκὸς
853 3179 931 3269 ὑμεῖς
946 3178 1015 3243 κτὲ.-
1034 3176 1153 3241 Contra
1167 3182 1213 3243 ὅτι

240 3322 301 3391 pro
330 3307 377 3368 ὅτε
399 3302 525 3385 irrepsit
553 3322 588 3383 p.
619 3295 680 3359 113
716 3291 807 3378 (272.
837 3288 890 3376 Β.)
917 3284 967 3352 καῖ
994 3290 1092 3351 ταῦτα
1114 3283 1146 3350 δ’
1168 3290 1212 3354 ὅτι

241 3413 311 3506 πρὸς
332 3411 398 3487 τοὺς
423 3410 601 3483 τελευταίους
625 3406 720 3496 ἔλεγεν
746 3401 792 3479 οὓς
815 3403 901 3493 ᾤεσθε
925 3397 1103 3488 ἀπαγγελεῖν
1127 3375 1242 3486 ἡμῖν(

244 3523 331 3609 lege:
356 3526 403 3587 ὅτε
419 3556 464 3569 --
477 3518 585 3607 ἐλέγετ’
609 3518 660 3583 οὐκ
682 3514 772 3605 ᾤεσθε
800 3512 862 3577 κτὲ.
898 3507 1025 3574 Excidit
1046 3507 1215 3592 praeposi·

242 3629 288 3692 tio
318 3651 352 3713 p.
380 3627 442 3691 154
466 3626 554 3713 (377.
579 3623 633 3708 Β.)
663 3623 797 3715 φύλακας
822 3623 1029 3705 κατεςήσαμεν
1058 3620 1095 3699 τῇ
1123 3612 1213 3697 οἰκίᾳ.

244 3735 330 3799 adde
349 3732 390 3799 ε’ν.
417 3734 500 3798 male
525 3733 684 3796 omittitur
711 3728 866 3793 articulus
894 3750 929 3811 p.
955 3724 1019 3786 152
1046 3721 1135 3808 (372.
1159 3721 1213 3809 Β.)

244 3850 319 3912 οὕτω
346 3842 424 3915 δεινὴ
451 3842 585 3934 συρρορά
610 3840 769 3930 γεγένηται.
802 3836 867 3898 imo
893 3850 987 3897 vero:
1021 3833 1212 3923 ἡσυρρορά.

244 3952 366 4018 Contra
388 3974 448 4041 pro
467 3952 509 4019 ὅτ’
529 3948 561 4023 ἦν
577 3951 605 4017 ἐν
624 3959 659 4037 τῇ
676 3946 775 4032 ἡλικίᾳ
797 3971 831 4031 p.
854 3944 916 4008 153
932 3940 1023 4026 (373.
1044 3938 1096 4024 Β.)
1122 3938 1217 4003 Grae

244 4082 282 4127 oe
303 4060 333 4128 ἐν
352 4063 450 4147 ἡλικίᾳ
473 4072 541 4125 erat
560 4059 745 4123 dicendum.
780 4054 864 4118 Male
886 4050 1039 4117 traiectus
1062 4046 1217 4112 articulus
