3100 4942
726 519 773 589 57

266 736 385 822 reperit
412 735 641 800 Aristodemus.
677 737 886 800 scholiastes:
910 737 1104 829 Ἀριςόδημος
1131 747 1237 836 γράφει

270 843 338 911 cirri
356 851 406 912 τοῦ
425 844 531 911 'Alter
554 844 702 911 Ἀλτιν.
728 850 801 912 οὕτω
820 849 880 938 γὰρ
897 849 945 912 τὸν
965 853 1030 940 περὶ
1047 875 1098 921 τιν
1119 851 1233 939 Ὀλυμ-

269 956 338 1018 πίαν
368 956 452 1018 τόπον
481 954 637 1019 καλεῖσθαι
668 955 716 1018 καὶ
739 957 788 1019 τὸν
810 958 867 1018 Δία
889 955 921 1034 ἐξ
946 957 1083 1024 ἐπιθέτου
1102 960 1234 1026 Ἀλτιον.

269 1063 346 1149 μηδὲ
367 1064 447 1149 λόγον
468 1066 543 1147 ἔχειν
564 1087 615 1132 τιν
636 1063 685 1128 ὑπ’
710 1064 799 1128 αὐτοῦ
824 1070 891 1155 ἄρτι
913 1068 1125 1158 πεπορθημένην
1145 1070 1236 1136 Ἦλιν

269 1171 345 1262 ἱερὰν
368 1168 418 1238 καὶ
443 1170 584 1259 καθαρὰν
607 1179 743 1254 ποιῆσαι,
775 1170 855 1234 ἀλλὰ
879 1167 956 1258 padi
982 1176 1055 1265 ἱερὸν
1077 1180 1146 1243 εἶναι
1170 1181 1236 1256 Διὸς

270 1277 299 1342 ἐν
326 1275 428 1340 ’Ἠλιιλι
458 1275 524 1340 ἀλλ’
551 1277 579 1342 ἐν
605 1278 694 1366 ssep.
722 1278 896 1365 ἀπῳκίσθαι
922 1277 955 1343 δὲ
982 1306 1032 1348 τιν
1061 1285 1158 1349 Πῖσαν
1187 1295 1237 1360 τῆς

268 1384 433 1474 Ὀλυμπίας
447 1383 571 1461 §adicus
587 1383 630 1464 ἔξ.
657 1387 815 1448 verissime
838 1387 958 1451 omnia.
984 1387 1065 1451 Vide
1087 1413 1174 1454 nunc
1195 1394 1235 1454 ad

266 1507 442 1580 utrumque
463 1496 572 1558 locum
595 1515 681 1578 quae
709 1496 818 1576 inepte
849 1494 1039 1578 obloquitur
1065 1500 1234 1584 Didymus,

265 1607 351 1668 unde
371 1614 508 1690 apparet
526 1625 593 1666 non
612 1623 728 1665 novam
750 1624 816 1664 esse
836 1605 1103 1666 consuetudinem
1125 1607 1237 1669 absur-

266 1712 304 1776 da
328 1724 508 1798 utcumque
537 1712 739 1796 expediendi.
778 1713 822 1773 De
846 1714 932 1774 omni
959 1712 1022 1774 hac
1049 1717 1238 1796 quaestione

264 1820 419 1906 legendus
443 1831 488 1883 est
512 1820 661 1882 Lehrsius
682 1821 722 1882 de
741 1820 928 1882 Aristarcho
951 1844 983 1903 p.
1004 1817 1069 1882 365
1085 1843 1159 1907 sqq.
1180 1826 1238 1908 qui

265 1930 428 1992 utilissima
449 1929 549 1990 multa
570 1927 718 2012 collegit,
741 1929 871 1988 nonita
893 1937 999 1988 tamen
1023 1937 1142 1990 utrem
1163 1952 1239 1994 con-

265 2037 398 2111 ficeret,
428 2039 519 2122 quod
547 2057 614 2100 non
642 2047 687 2098 est
713 2038 807 2099 unius
837 2037 974 2098 bominis
1007 2057 1114 2120 neque
1144 2041 1238 2102 unius

266 2146 387 2208 aetatis.
434 2144 580 2208 Ostendit
612 2145 712 2216 viam,
746 2146 878 2226 praeiit:
912 2165 1093 2227 sequemur.
1138 2147 1237 2210 lllulta

264 2255 350 2318 idern
371 2255 411 2316 de
428 2255 547 2316 Latinis
568 2252 737 2314 codicibus
753 2261 784 2313 el
805 2253 939 2314 criticis:
964 2254 1126 2336 quantivis
1144 2255 1237 2337 pretii

264 2372 309 2426 cst
329 2363 420 2426 locus
443 2363 653 2442 Quinctiliani
673 2363 730 2424 tx.
753 2361 783 2422 d.
805 2361 848 2424 39
871 2383 969 2446 quem
989 2365 1095 2424 attulit
1113 2388 1145 2449 p.
1160 2364 1236 2430 374.

266 2469 465 2552 »Quaedam
490 2474 527 2533 in
547 2470 716 2532 veteribus
740 2470 839 2530 libris
862 2479 1001 2554 reperta
1021 2480 1153 2534 matare
1176 2476 1238 2534 im·

241 2583 372 2666 periti
391 2580 500 2648 solent
525 2587 557 2641 et
578 2578 656 2641 dam
681 2577 903 2639 librariorum
930 2579 1100 2637 insectari
1118 2579 1238 2640 volant

228 2691 437 2772 ‘inscitiam
472 2709 569 2750 suam
604 2685 835 2771 confiteatar”
876 2685 917 2746 ad
951 2683 1031 2747 haec
1070 2684 1234 2747 Lehrsius:

265 2797 365 2859 »Tam
388 2815 494 2857 severe
517 2789 663 2856 iudicant
685 2794 725 2854 de
749 2790 1039 2854 coniectantibus.’'
1075 2791 1148 2854 Non
1170 2813 1236 2856 ma·

265 2906 311 2989 gis
342 2922 449 2966 severe
480 2923 581 2986 quam
614 2919 687 2962 vere
718 2900 876 2962 iudicasse
910 2899 1161 2978 Quirrctilianum
1196 2900 1237 2962 de

262 3012 485 3075 Romanorum
509 3009 725 3093 grammaticis
747 3019 864 3069 temere
886 3017 917 3068 et
939 3007 1069 3068 indocte
1092 3009 1235 3091 plerum-

260 3140 326 3204 que
350 3117 607 3181 coniectantibus
630 3116 804 3178 ostendunt
827 3115 956 3198 plurimi
985 3116 1048 3176 loci
1081 3113 1234 3179 Gelliani:

262 3226 399 3289 sufficiet
423 3225 593 3308 inspexisse
622 3223 649 3286 1.
675 3225 714 3298 7,
742 3223 782 3286 V.
806 3221 837 3284 4.
874 3221 993 3282 Lehrsii
1024 3223 1127 3304 copiis
1147 3243 1235 3284 nunc

262 3336 394 3421 quidem
425 3333 490 3394 hoc
523 3343 648 3396 tantum
682 3333 820 3407 addam,
860 3332 955 3393 fuisse
984 3330 1042 3416 qui
1074 3349 1146 3391 suos
1175 3330 1236 3414 ipsi

223 3500 228 3510 .
261 3443 360 3506 libros
393 3443 612 3506 inemendatos
650 3464 728 3526 prae
766 3442 965 3504 festinatione
1003 3440 1233 3522 relinquerent.

260 3551 416 3636 Diogenes
433 3550 590 3623 Laertius,
615 3549 654 3610 X.
676 3550 719 3614 27
737 3547 965 3632 (Chrysippus)
980 3546 1121 3622 πολλάκις
1137 3547 1234 3612 ταύτὰ

262 3665 388 3751 γέγραφε
411 3657 459 3722 καὶ
481 3655 654 3747 ἀδιόρθωτα
682 3651 757 3723 εἷλκε
780 3665 823 3746 τῷ
846 3654 1012 3743 ἐπείγεσθαι
1021 3708 1034 3740 ,
1057 3652 1114 3740 qui
1143 3656 1234 3720 locus
1338 3716 1344 3726 ,

261 3770 382 3855 etipse
403 3765 585 3860 ἀδιόρθωτος
610 3779 655 3830 est
678 3789 716 3830 ac
748 3787 859 3841 uerno,
890 3767 1024 3851 opinor,
1051 3765 1234 3828 admonitus

261 3878 422 3946 dubitabit
445 3899 504 3964 pro
526 3875 603 3942 εἷλκε
626 3896 783 3962 reponere
808 3874 897 3940 εἴακε.

300 3985 377 4074 Pag.
401 3987 455 4052 22.
481 3985 607 4051 Exstat
626 3985 789 4073 epistolae
812 3984 1034 4070 Theophrasti
1055 3981 1105 4046 ad
1122 3981 1230 4044 Eade-
