3100 4942
757 485 805 557 ta

282 708 406 784 effecit,
432 716 468 769 ut
491 704 601 788 aliqua
621 722 696 786 pars
717 700 894 764 sententiae
912 699 1005 764 nobis
1027 699 1158 784 periret.
1182 701 1260 766 Sae-

280 819 409 906 pissime
442 814 505 877 boc
526 813 648 876 lactum
670 822 715 874 est
739 812 795 875 ubi
820 812 906 875 idern
929 808 1127 874 vocabulum
1152 813 1183 875 in
1214 814 1262 877 vi-

286 925 372 989 cinia
393 918 580 984 recurrebat
611 929 667 982 aut
695 920 803 982 similis
827 917 979 983 vocabuli
1006 921 1189 982 terminatio
1214 921 1265 984 vel

288 1034 412 1106 forma,
436 1049 505 1114 quo
527 1029 756 1094 hallucinantis
777 1029 915 1091 hominis
938 1026 1134 1090 aberrabant
1155 1028 1260 1104 oculi,

289 1138 376 1204 unde
410 1127 600 1200 intermedia
630 1137 738 1200 omnia
769 1136 1017 1200 intercidebant.
1071 1134 1267 1198 Incredibile

289 1249 379 1312 dictu
392 1257 455 1321 est,
477 1258 559 1331 quot
579 1248 667 1310 locos
685 1266 721 1307 ea
744 1247 910 1308 calamitas
933 1245 1091 1307 afflixerit.
1116 1245 1185 1309 Vae
1204 1243 1265 1305 mi·

292 1357 367 1422 seris
388 1355 635 1440 interpretibus,
649 1358 713 1440 qni
726 1355 800 1416 istos
819 1355 888 1417 aliis
911 1356 1016 1417 claros
1035 1364 1066 1416 et
1078 1353 1267 1438 perspicuos

292 1464 428 1528 reddere
462 1472 632 1526 conantur.
687 1463 881 1526 Plutarchus
921 1463 964 1524 de
1001 1463 1118 1525 virtute
1153 1459 1267 1522 morali

290 1597 326 1660 p.
349 1571 425 1636 445.
450 1571 482 1635 b.
514 1571 642 1636 scribit:
673 1579 720 1638 νύν
738 1571 774 1638 di
798 1574 968 1666 σωφροσύνη
994 1575 1044 1660 μέν
1072 1569 1153 1655 itu,
1176 1562 1208 1632 ού
1234 1565 1267 1631 τὸ

292 1682 457 1756 παθητικὸν
491 1687 589 1770 ὥσπερ
619 1681 724 1751 εὐήνιον
758 1681 874 1770 θρέμμα
898 1679 947 1743 καί
973 1690 1065 1770 πρᾴου
1090 1678 1105 1741 ὁ
1130 1673 1267 1763 λογισμὸς
1352 1740 1354 1745 ,

293 1795 405 1881 ἡνιοχεῖ
431 1791 480 1856 καί
510 1793 744 1883 μεταχειρίζεται
769 1790 835 1882 περὶ
861 1792 916 1865 τὰς
941 1787 1098 1876 ἐπιθυμίας
1122 1787 1270 1877 χρώμενος

294 1899 436 1967 ὑπείκοντι
463 1897 512 1964 καί
539 1897 689 1988 δεχομένῳ
717 1906 758 1988 τῷ
788 1898 919 1987 λογισμῷ
950 1895 999 1961 καί
1031 1899 1184 1986 κρατοῦντι
1215 1895 1269 1962 την

293 2009 464 2097 ἐπιθυμίαν,
487 2005 657 2098 ἐγκράτειαν
673 2003 708 2071 di
723 2005 774 2070 οὐκ
790 2005 909 2080 ἀλύπως
931 2011 996 2093 ἄγει
1014 2003 1081 2070 ott&
1099 2005 1269 2089 πειθομένην

294 2115 375 2182 ἀλλά
407 2116 536 2205 πλαγίαν
568 2115 617 2180 καί
648 2117 881 2204 ἀντιτείνουσαν,
917 2115 974 2180 οἷον
1002 2115 1056 2180 ὑπὸ
1076 2114 1189 2202 πληγῆς
1218 2109 1269 2179 καὶ

294 2224 414 2314 χαλινοῦ
447 2221 695 2312 καταβιαζόμενος
732 2223 782 2289 καί
819 2225 985 2314 ἀνακρούων
1020 2225 1134 2312 ἀγῶνος
1166 2225 1207 2289 ὢν
1241 2221 1271 2289 ἐν

294 2333 390 2424 ἐαυτῷ
416 2331 466 2398 καί
491 2331 615 2426 θορύβου
642 2337 740 2421 μεςός.
767 2335 813 2397 ita
843 2335 932 2398 hunc
962 2336 1072 2396 locum
1106 2334 1270 2396 constituit

294 2441 584 2528 WyllenbacbiuS‚
630 2443 687 2527 qui
721 2442 912 2529 adscripsit:
949 2444 1069 2528 ‚vulgo
1101 2443 1268 2506 mendose:

295 2549 447 2617 ὑπείκοντι.
480 2547 636 2641 ἐγκράτεια
669 2549 706 2616 δέ
731 2550 776 2626 ἐςι
809 2551 858 2616 καί
888 2551 1039 2642 δεχομένῳ
1069 2561 1111 2643 τῷ
1138 2555 1275 2641 λογισμῷ

295 2657 344 2724 καί
369 2663 521 2752 κρατοῦντι
548 2663 601 2731 τὴν
627 2659 790 2746 ἐπιθυμίαν.
807 2668 887 2750 ’ἄγει
914 2662 949 2728 δὲ
976 2664 1028 2728 οὑκ
1059 2662 1177 2736 ἀλύπως
1203 2659 1270 2726 οὐδὲ

294 2771 474 2858 πειθομένην.
514 2768 661 2834 Ceterum
691 2779 734 2860 τῷ
763 2772 893 2862 λογισμῷ
924 2773 1114 2837 mutandum
1144 2772 1271 2836 videtur

295 2881 330 2942 in
352 2879 407 2945 τὸν·
427 2879 578 2967 χαλινόυ.”
616 2880 689 2960 Quo
717 2884 790 2966 quis
819 2893 865 2945 est
890 2882 1019 2945 doctior
1048 2892 1079 2944 et
1105 2882 1270 2944 subtiliore

293 2991 422 3076 ingenio
447 3011 485 3053 eo
508 2989 602 3073 plura
623 2998 654 3052 et
680 2991 887 3074 exquisitiora
913 2990 954 3052 dc
978 2990 1134 3052 hocloco
1153 2991 1272 3076 poterit

297 3097 523 3161 commentari:
547 3104 580 3158 at
601 3116 697 3160 nemo
720 3101 839 3182 poterit
862 3113 1019 3184 umquam
1038 3110 1193 3163 rectcaut
1216 3111 1271 3162 e'x·

296 3204 420 3289 plicare
451 3213 507 3268 aut
539 3205 720 3270 emendare.
768 3209 853 3272 Vera
886 3209 982 3271 lectio
1013 3217 1135 3270 servata
1164 3219 1210 3270 est
1239 3209 1273 3270 in

269 3364 271 3369 .
298 3315 422 3400 optimo
448 3315 561 3377 codice
589 3315 770 3382 Marciano:
807 3323 954 3410 χρώμενος
982 3317 1122 3383 ὑπείκοντι
1147 3314 1197 3378 καί
1221 3313 1273 3379 de·

301 3423 417 3512 χομένῳ
440 3421 479 3487 τὸ
505 3425 660 3516 μέτριον
687 3426 751 3491 καί
781 3431 821 3495 τὸ
847 3433 1047 3515 εύσχημου
1074 3424 1269 3498 ἑκουσίως.

300 3529 377 3595 idi
408 3529 602 3620 ἐγκρατὴς
633 3539 719 3622 ἄγει
751 3536 816 3624 μὲν
847 3536 1050 3628 ἐρρωμένῳ
1075 3542 1117 3623 τῷ
1141 3534 1272 3622 λογισμῷ

303 3635 352 3703 καί
377 3646 530 3730 κρατοῦντι
554 3647 606 3715 τὴν
631 3643 810 3733 ἐπιθυμίαν,
833 3652 896 3735 ἄγει
922 3646 956 3711 δὲ
985 3645 1036 3710 οὑκ
1065 3645 1183 3719 ἀλύπως
1206 3641 1274 3709 οὑδὲ

302 3752 473 3836 πειθομένην
501 3755 563 3820 κτὲ.
602 3757 675 3820 Sine
698 3759 829 3821 meliore
851 3757 934 3821 libro
959 3759 1057 3844 igitur
1081 3757 1115 3816 in
1141 3774 1179 3815 eo
1201 3754 1276 3814 loco

302 3871 333 3924 et
363 3863 432 3926 aliis
460 3865 616 3927 sexcentis
648 3885 782 3951 operam
811 3866 952 3929 ludimus
981 3885 1020 3926 ac
1053 3862 1183 3925 vulnera
1218 3879 1277 3921 cn-

303 3971 406 4038 rando
432 3971 553 4035 maiora
576 3971 723 4037 lecimus.
758 3972 789 4040 Is
809 3974 897 4037 solus
916 3973 1001 4060 sapit
1022 3971 1082 4058 qui
1103 3967 1145 4032 ab
1167 3967 1287 4040 buius-¹
