3100 4942
748 603 793 686 11

298 832 445 928 propius,
466 825 703 898 accedentibus
729 837 763 897 et
783 828 992 920 antiquitatis
1008 827 1155 898 colorem
1180 836 1253 899 arte

300 949 440 1022 feliciter
457 945 691 1036 reddentibus,
712 946 786 1016 aliis
804 947 846 1016 ad
865 948 1058 1041 aequalium
1076 956 1110 1018 et
1127 948 1252 1018 civium
1285 1016 1288 1020 a

297 1070 464 1167 plebeiam
480 1052 784 1139 bumilitatemant
803 1072 957 1164 ineptum
977 1070 1111 1141 inflatae
1130 1072 1250 1140 oratio-

298 1193 351 1262 nis
379 1199 546 1258 tumorem
575 1187 823 1259 delabentibus,
864 1191 1017 1282 Regnare
1042 1190 1153 1283 coepit
1177 1190 1253 1258 imi-

298 1309 380 1379 tatio
402 1307 803 1402 languida‚¹plerurnque
822 1309 965 1399 insulsa,
989 1333 1052 1380 nec
1069 1309 1139 1380 fere
1161 1308 1252 1378 ultra

298 1428 400 1500 verba
425 1426 627 1520 dicendique
653 1427 817 1498 formulas
839 1429 1028 1522 procedens
1052 1438 1086 1499 et
1110 1436 1252 1498 consuta

300 1575 319 1620 e
340 1549 477 1644 pannis,
497 1569 583 1639 quos
607 1546 775 1616 veteribus
792 1547 1014 1642 scriptoribus
1037 1547 1252 1648 impudenter

297 1680 333 1741 et
355 1672 468 1762 inepte
489 1665 732 1760 sublegebantf
754 1668 821 1738 hoc
845 1668 973 1767 malum
999 1671 1033 1738 in
1055 1667 1144 1738 diem
1170 1668 1251 1760 glis-

294 1813 383 1861 cere:
417 1790 477 1881 qui
514 1787 614 1858 docte
648 1786 794 1858 scribere
827 1788 986 1858 volebant
1018 1787 1250 1858 obsoletorum

296 1908 479 1982 verborum
496 1905 673 1996 cadavera,
686 1914 726 1975 ut
743 1907 789 1974 ita
807 1905 933 1996 dicam,
948 1905 1168 1997 effodiebant,
1189 1919 1250 1977 aut

297 2025 532 2126 procudebant
562 2047 649 2094 nova
680 2022 723 2091 ad
751 2047 885 2094 omnem
910 2024 1082 2118 analogiae
1106 2025 1249 2097 formam

295 2149 469 2221 deficiente
511 2146 647 2241 pulchri
690 2167 790 2214 sensu
835 2144 1086 2238 elegantiaeque
1123 2157 1251 2218 temere

293 2269 418 2343 efficta:
450 2267 531 2338 hinc
562 2265 726 2361 paulatim
752 2265 834 2358 quid
857 2264 943 2334 bene
965 2265 1134 2335 Graecum
1162 2276 1250 2359 esset

294 2389 378 2486 quid
409 2413 480 2458 non
508 2397 595 2458 esset
623 2385 725 2477 vulgo
749 2379 898 2455 dubitari
919 2393 953 2454 et
976 2385 1123 2478 ignorari
1147 2410 1249 2481 coep·

291 2521 366 2581 tum
395 2518 446 2578 eet
474 2531 537 2578 nec
564 2505 746 2584 doctissimi
777 2506 907 2598 quique
925 2503 1013 2573 banc
1032 2503 1143 2574 labem
1162 2507 1247 2578 effu-

292 2631 441 2726 giebant:
470 2651 603 2702 morosa
628 2626 875 2696 nonnullorum
900 2627 1056 2695 severitas
1079 2624 1249 2698 indoctam

292 2751 503 2844 reliquorum
530 2748 750 2818 temeritatem
774 2769 844 2815 non
864 2754 998 2814 tantum
1018 2768 1087 2814 non
1113 2770 1249 2818 coerce·

291 2871 366 2962 bat,
405 2869 463 2940 sed
489 2868 644 2939 iaciebat
666 2866 901 2952 audaciorem3
932 2890 1010 2936 nam
1040 2865 1099 2958 qui
1128 2867 1253 2936 aeriter

294 3016 373 3062 cum
410 2991 613 3060 soloecismis
649 2987 739 3057 bella
769 2986 930 3078 gerebant
963 2986 1138 3078 magistelli
1168 3011 1249 3057 eum

295 3113 364 3182 suis
382 3110 515 3204 ineptiis
534 3107 855 3194 contemnebantur3
879 3105 1112 3176 deficientibus
1137 3109 1249 3178 sanio-

293 3229 388 3301 ribus
413 3229 536 3299 criticis
561 3227 603 3296 ad
630 3228 743 3296 inanes
767 3226 1041 3318 quaestiunculas
1064 3235 1098 3295 et
1123 3226 1249 3298 futilis·

293 3350 393 3418 simas
416 3345 659 3434 controversias
686 3343 912 3413 Grammatica
941 3367 994 3412 ars
1021 3345 1159 3441 delapsa
1185 3356 1250 3421 est.

293 3468 422 3540 Interea
435 3463 605 3536 crescebat
621 3451 808 3554 barbaries,
823 3473 911 3534 artes
925 3475 959 3534 et
973 3464 1089 3535 literae
1105 3468 1139 3536 in
1152 3491 1248 3537 com·

291 3586 544 3657 muniomnium
556 3585 647 3654 senio
658 3593 691 3654 et
701 3594 836 3653 veterno
846 3583 1086 3654 moriebantur.
1096 3585 1246 3656 Tandem

294 3707 478 3780 succubuit
500 3704 653 3792 Graecia,
680 3702 906 3797 profugerunt
935 3706 1033 3797 pauci
1058 3728 1139 3775 curn
1162 3708 1246 3778 reli-

292 3827 380 3921 quiis
407 3825 576 3894 saniorum
602 3829 797 3914 temporum
822 3822 856 3890 in
883 3820 1032 3912 Italiam,
1063 3823 1123 3894 ubi
1153 3850 1248 3896 rena·

250 3951 252 3954 ’
291 3947 334 4016 tis
367 3945 555 4015 Literarum
585 3941 705 4011 studiis
730 3940 922 4010 humanitas
945 3966 964 4013 e
990 3944 1138 4017 tenebris
1170 3924 1258 4019 lonss

293 4089 403 4160 geque
429 4086 547 4134 surano
574 4062 671 4134 rediit
692 4064 726 4132 in
752 4062 863 4133 lucem
894 4064 1076 4158 vitamque.
