3100 4942
1477 600 1575 673 85

546 816 820 880 lentiore
852 814 1170 880 medicina
1212 817 1423 882 sanari
1446 836 1633 902 posse
1655 814 2055 890 viderentur,
2105 822 2363 876 exortus
2398 823 2492 876 est

549 923 905 988 Graeculus
949 924 1214 1011 aliquis,
1271 928 1388 1013 qui
1433 926 1651 989 denuo
1694 923 2010 987 audacter
2051 920 2374 1007 quidquid
2418 920 2497 984 li-

549 1030 780 1096 buerat
824 1034 1103 1119 vulgatis
1144 1034 1530 1099 lectionibus
1576 1030 1933 1107 substituit,
1981 1029 2073 1093 nil
2116 1030 2354 1094 veritus
2396 1048 2498 1091 re·

549 1158 767 1201 secare
804 1138 853 1200 si
889 1139 1054 1222 quid
1094 1142 1370 1203 otiosum
1411 1147 1703 1225 putaret,
1746 1136 1985 1200 addere
2024 1134 2107 1200 de
2148 1156 2264 1199 suo
2309 1134 2500 1220 quid-

550 1245 712 1330 quid
757 1246 1098 1309 commode
1138 1247 1290 1310 addi
1332 1266 1519 1333 posse
1556 1244 1941 1308 existimaret
1972 1252 2034 1305 et
2070 1260 2496 1331 quocumque

546 1351 744 1415 modo
798 1362 1228 1438 propagatam
1285 1374 1322 1416 e
1373 1349 1826 1417 vetustioribus
1875 1349 2053 1413 libris
2106 1350 2499 1435 scripturam

552 1459 651 1524 vel
689 1459 781 1521 sic
829 1461 980 1524 satis
1009 1462 1178 1524 male
1218 1460 1509 1524 habitam
1542 1460 1725 1522 novis
1756 1456 2080 1522 erroribus
2114 1456 2495 1543 depravare.

550 1564 951 1650 Scripturam
995 1567 1087 1629 sic
1146 1587 1224 1629 ex
1269 1565 1460 1628 huius
1503 1563 1767 1628 arbitrio
1820 1565 2236 1628 constitutam
2291 1585 2498 1650 quum

543 1673 614 1736 in
648 1673 1082 1737 Laurentiano
1117 1673 1346 1739 codice
1377 1672 1713 1735 invenisset
1752 1669 2089 1733 Bekkerus
2124 1670 2305 1735 haud
2343 1691 2500 1735 cun·

542 1786 822 1854 ctanter,
849 1778 1036 1862 quasi
1065 1778 1114 1840 si
1135 1777 1545 1863 integriorem
1572 1777 1824 1861 Lysiam
1845 1778 2210 1862 reperisset,
2244 1778 2492 1864 recepit

550 1887 620 1949 in
661 1895 906 1948 textum
945 1905 1030 1946 ne
1074 1885 1143 1947 in
1194 1883 1630 1946 audacissimis
1670 1882 1940 1968 quidem
1984 1883 2285 1947 Graeculi
2335 1903 2494 1948 con·

551 1992 814 2055 iecturis
843 1990 1136 2055 fraudem
1175 1992 1554 2075 suspicatus·
1604 1992 1915 2077 Arguitur
1948 2002 2163 2057 autem
2204 1992 2395 2057 facile
2428 1993 2497 2057 in

547 2102 965 2175 coniecturis,
1023 2098 1235 2183 qualis
1275 2098 1383 2161 illa
1434 2107 1522 2159 [εει
1566 2123 1634 2183 1¹-
1682 2097 1807 2159 ‘114
1855 2098 2011 2183 (235
2059 2098 2296 2185 Bekk.)
2347 2098 2499 2166 ἐπει·

555 2205 748 2278 δήπερ
793 2205 926 2295 ὑμῖν
982 2206 1118 2279 ἔθος
1169 2201 1294 2277 ἐςὶν
1333 2206 1430 2268 ἕνα
1490 2211 1602 2267 τῶν
1658 2203 1939 2283 &vadare-w
1991 2207 2079 2267 aias!
2140 2206 2498 2292 (Graecitas

550 2316 867 2403 postulat:
921 2318 1019 2379 ἕνα
1062 2310 1152 2377 ἀεὶ
1200 2318 1317 2376 τῶν
1359 2309 1670 2391 ξυνόντων)
1714 2319 1911 2387 κακῶς
1951 2311 2137 2399 λέγειν
2186 2310 2284 2378 καὶ
2323 2316 2498 2379 ποιεῖν

550 2422 789 2492 ἐπειδὰν
831 2423 949 2513 ἑγὼ
992 2422 1126 2511 ὑμῖν
1174 2422 1406 2511 μηνίσ
1426 2451 1466 2487 ω
1526 2423 1662 2515 πρὸς
1712 2423 1867 2507 ὑμεῖς
1915 2423 2121 2498 αὐτοὺς
2168 2422 2492 2511 τρέψεσθε.

550 2533 770 2618 Lysias
797 2554 932 2596 non
962 2533 1164 2617 magis
1198 2534 1422 2619 μηνίσω
1454 2555 1767 2615 usurpare
1807 2535 2015 2619 putuit
2063 2552 2262 2617 quam
2298 2535 2499 2619 χώσε·

550 2664 647 2706 ται
660 2693 688 2726 ,
735 2650 808 2703 ut
851 2639 980 2702 hoc
1019 2647 1204 2715 utar,
1252 2640 1354 2704 vel
1406 2639 1678 2726 χοῖὲωέϊειζ
1722 2640 1817 2699 ves!
1871 2643 2230 2706 κοτέσσεται.
2297 2642 2497 2707 Fece·

552 2759 704 2813 runt
745 2748 875 2811 hoc
918 2746 1219 2810 Graeculi
1254 2748 1674 2824 recentiores,
1726 2747 1841 2832 qui
1885 2750 2161 2812 multum
2204 2749 2322 2814 sibi
2366 2751 2504 2836 pla-

553 2857 792 2924 cebant
834 2878 1041 2944 quum
1080 2856 1289 2919 verbis
1329 2858 1456 2920 suis
1502 2856 1943 2940 antiquissima
1995 2857 2255 2922 Homeri
2306 2857 2505 2924 verba

553 2968 925 3039 miscerent,
978 2966 1532 3050 quemadmodum
1562 2966 1740 3030 fecit
1776 2966 2117 3031 historicus
2168 2969 2275 3031 ille
2318 2969 2502 3056 apud

549 3074 910 3137 Lucianum
941 3072 1007 3135 in
1041 3073 1408 3136 suavissimo
1433 3071 1598 3135 libro
1635 3072 1719 3135 de
1756 3072 2051 3137 historia
2084 3076 2498 3141 conscriben-

551 3182 676 3256 da,
731 3179 910 3241 Tom.
954 3179 1037 3241 ΙΙ.
1095 3201 1162 3263 p.
1202 3180 1311 3243 22.
1371 3176 1583 3257 ἐλέλιξε
1632 3177 1738 3266 μὲν
1782 3181 1817 3248 ἡ
1853 3184 2137 3267 μηχανὴ,
2183 3182 2248 3247 τὸ
2298 3186 2492 3270 τεῖχος

548 3286 622 3353 δὲ
676 3285 845 3353 πεσὸν
890 3286 1166 3373 μεγάλως
1212 3284 1548 3357 ἐδούπησεν.
1592 3321 1681 3332 -—
1722 3282 2005 3352 Ἔδεσσα
2055 3286 2160 3376 μὲν
2207 3290 2291 3363 δὴ
2342 3296 2492 3358 οὕτω

550 3398 670 3470 τοῖς
724 3393 918 3470 ὅπλοις
981 3399 1507 3487 περιεσμαραγεῖτο
1558 3393 1657 3459 καὶ
1707 3394 1908 3481 ὄτοβος
1963 3394 2029 3468 ἦν
2084 3398 2184 3464 καὶ
2250 3402 2494 3489 κόναβος

555 3513 795 3571 ἅπαντα
841 3506 920 3569 τὰ
968 3504 1109 3569 ἐκεῖ.
1167 3506 1297 3572 καὶ·
1350 3509 1380 3572 ὁ
1439 3507 1732 3597 ςρατηγός
1786 3506 2156 3602 ἐμερμήριζεν
2211 3505 2261 3600 ᾧ
2306 3515 2499 3604 τρόπῳ

552 3614 786 3703 μα’λιςα
829 3619 1192 3706 προσαγάγοι
1234 3616 1377 3709 πρὸς
1423 3615 1490 3683 τὸ
1536 3619 1752 3703 τεῖχος.
1818 3637 2039 3681 verum
2101 3639 2317 3703 neque
2374 3617 2512 3707 Ly-‘

549 3724 673 3787 sias
715 3742 928 3807 neque
969 3722 1331 3785 Atticorum
1376 3723 1725 3808 quisquam
1771 3742 1849 3786 eo
1885 3723 2113 3789 morbo
2152 3724 2492 3792 laboravit.

550 3832 853 3897 Peccavit
914 3830 1263 3893 criticaster
1323 3832 1438 3916 qui
1497 3852 1703 3916 quum
1768 3831 2097 3918 vulgatam
2154 3833 2499 3899 lectionem

549 3943 784 4029 μηνύσω
830 3938 1075 4005 videret
1135 3950 1300 4002 stare
1360 3961 1491 4004 non
1533 3959 1717 4027 posse
1761 3940 2128 4025 ingeniosus
2166 3941 2284 4005 sibi
2327 3943 2496 4008 visus

553 4059 646 4115 est
686 4070 890 4135 quum
937 4048 1156 4136 μηνίσω
1199 4058 1576 4135 reponeret:
1624 4069 1839 4115 veram
1884 4050 2224 4115 lectionem
2265 4052 2333 4115 in
2380 4078 2499 4140 μη-
