3100 4942
811 541 859 614 ll

346 761 558 825 ostentatione
581 757 719 820 obruere
748 769 779 821 et
806 759 919 845 longas
943 759 1069 822 trahere
1089 761 1257 844 periodos,
1286 773 1322 827 ut

346 869 498 934 flosculos
520 865 673 929 alicunde
694 864 866 951 decerptos
886 887 997 930 omnes
1020 877 1188 953 tamquam
1210 871 1244 934 in
1265 892 1322 936 co·

347 999 425 1040 rona
457 984 587 1038 nectere
619 973 751 1059 possint.
799 972 904 1037 Vultis
934 975 1127 1058 exemplum.
1173 976 1323 1064 Scriptor

347 1087 455 1150 nescio
485 1084 559 1170 quis
585 1083 618 1144 in
647 1080 765 1144 Walzii
791 1080 904 1144 Rhett.
928 1079 983 1143 Gr.
1012 1081 1068 1144 lX.
1090 1108 1125 1170 p.
1146 1083 1228 1160 570,
1265 1088 1324 1172 qui

346 1196 422 1258 olim
447 1193 574 1279 Apsinis
596 1210 684 1253 nunc
705 1189 842 1276 Longini
864 1208 983 1253 nomen
1001 1193 1172 1254 ementitur
1193 1193 1242 1277 (ut
1262 1195 1320 1259 de·

347 1302 537 1366 monstrabit
562 1298 755 1385 propediem
780 1299 828 1360 rir
859 1299 900 1360 cl.
926 1297 1081 1383 Belius),
1107 1300 1263 1366 disserens
1283 1304 1325 1368 de

347 1412 499 1474 memoria
523 1409 604 1472 haec
624 1407 752 1471 scribit:
776 1407 873 1497 ἡγὰρ
891 1417 995 1498 κρᾶσις
1015 1417 1067 1482 τῆς
1087 1409 1186 1498 ψυχῆς
1209 1415 1323 1502 σύμμε.

349 1543 414 1610 τρος
431 1512 506 1584 οὖσα
521 1517 571 1584 καὶ
590 1517 691 1583 δικαία
710 1516 790 1582 κατά
807 1519 859 1587 τὴν
876 1518 1016 1608 ἁρμονίαν
1031 1528 1090 1585 τῶν
1108 1519 1263 1611 δυνάμεων
1274 1523 1324 1589 καί

348 1627 404 1695 οἷον
422 1629 507 1720 κηρὸς
524 1629 708 1721 ὠργασμένος
735 1625 880 1700 εὔπλαςος
901 1624 953 1712 μὲν
974 1626 1025 1692 καί
1043 1629 1190 1720 εὐάγωγος
1207 1631 1257 1697 καὶ
1280 1636 1322 1721 μὴ

349 1738 472 1832 σκληρὸς
494 1736 563 1826 μηδ’
582 1738 738 1810 άντίτνπος
764 1733 833 1822 μηδ’
860 1735 1023 1828 άτέραμυος
1040 1737 1112 1826 μηδ’
1131 1733 1169 1805 αὖ
1193 1743 1324 1830 μαλακάς

352 1874 383 1914 τε
401 1847 451 1914 καί
469 1849 612 1938 διαρρέων
632 1847 670 1921 ὡς
691 1845 875 1931 συγχεῖσθαι
895 1843 960 1919 τοὺς
980 1847 1085 1924 τύπους
1105 1849 1155 1915 καί
1175 1849 1322 1931 ἐξιτήλους

349 1960 490 2047 γενέσθαι
508 1957 730 2046 συμπιπτόντων
749 1961 808 2019 τῶν
827 1961 1027 2046 χαρακτήρων
1043 1957 1094 2022 καί
1110 1969 1168 2026 τῶν
1182 1969 1323 2054 γραμμή.

351 2092 409 2134 των
444 2064 649 2155 ἀναλαμβάνει
686 2066 830 2155 καθάπερ
867 2062 1019 2154 ἐκμαγεῖον
1046 2068 1096 2132 καὶ
1130 2069 1325 2140 διατυποῦται

352 2179 463 2273 ῥᾳδίως
507 2177 562 2243 ὑπὸ
607 2183 665 2243 τῶν
700 2179 925 2266 φαντασμάτων
960 2180 1159 2266 τορνευόμενός
1200 2201 1232 2244 τε
1274 2181 1324 2247 καί

351 2292 527 2381 γραφόμενος
562 2287 708 2379 ἐναργέσιν
740 2293 839 2377 ὥσπερ
869 2284 920 2351 καί
951 2292 1161 2381 νεοχαράκτοις
1199 2291 1324 2378 σημείοις

351 2407 402 2470 τῆς
425 2395 565 2482 ἐπις-ήμης
575 2448 587 2480 ,
606 2403 636 2457 et
650 2394 712 2456 alia
726 2393 828 2454 multa
849 2391 1043 2456 huiusmodi.
1073 2396 1123 2458 Nil
1143 2396 1202 2458 nisi
1222 2400 1326 2490 τερετί-

353 2528 456 2593 σματα
475 2513 548 2566 suut
560 2502 622 2564 sive
634 2520 740 2585 nugae
758 2518 914 2575 canorae,
931 2500 965 2563 in
977 2502 1098 2586 quibus
1109 2513 1175 2584 est,
1195 2516 1231 2569 ut
1246 2509 1325 2571 scri·

351 2614 397 2678 bit
422 2611 541 2675 alicubi
561 2611 692 2672 Patrum
723 2608 973 2693 elegantissimus
1001 2608 1167 2695 Syneeius‚
1199 2620 1249 2680 νοῦ
1274 2615 1325 2704 μὲν

352 2721 468 2810 αὐχμὸς
491 2718 597 2798 λέξεως
617 2717 646 2784 δ’
668 2716 825 2806 ἐπομβρίαι.
858 2728 890 2780 at
910 2728 1032 2803 quanta
1062 2721 1254 2786 elocutionis
1271 2743 1326 2787 or-

246 2865 249 2871 *
353 2841 504 2896 namenta
524 2827 636 2890 sedulo
655 2847 694 2890 ex
710 2826 1050 2911 Platonepotissimum
1062 2829 1215 2907 collecta,
1237 2852 1326 2918 quae

354 2942 467 3027 copia,
491 2957 577 3023 quae
593 2935 832 3022 magnificentia
845 2934 1035 3000 verborum!
1060 2937 1154 3000 Peius
1171 2940 1268 3002 etiam
1280 2949 1327 3003 est

349 3051 383 3114 in
404 3048 522 3122 Poetis,
559 3045 616 3130 qui
643 3065 737 3130 saepe
768 3045 814 3106 nil
846 3046 904 3107 nisi
933 3045 1062 3108 Homeri
1092 3045 1184 3125 λέξεις
1215 3047 1324 3133 lepide
1372 3125 1377 3135 .

353 3164 571 3242 componunt,
597 3162 633 3216 ut
654 3152 707 3214 illc
726 3152 789 3227 ait,
814 3161 853 3215 ut
874 3155 1063 3218 tesserulae
1089 3179 1204 3220 omnen
1227 3155 1327 3220 Eudo

346 3267 546 3354 pavimento
570 3267 602 3323 et
613 3258 806 3322 emblemate
816 3259 1057 3322 vermiculato:
1084 3262 1176 3346 quod
1198 3262 1329 3349 indigne

355 3377 460 3438 ferens
488 3372 650 3435 Pollianus
675 3371 708 3432 in
734 3369 992 3454 Epigrammata,
1019 3369 1113 3432 simul
1140 3369 1329 3437 Callimachi

354 3495 386 3548 ct
410 3485 547 3547 aliorum
566 3477 740 3556 κακοζηλιάν
756 3476 971 3552 subsannans,
996 3477 1137 3540 suaviter
1154 3479 1199 3541 ita
1220 3479 1324 3557 cauit,

353 3591 486 3656 Anthcl.
511 3588 579 3651 Pal.
602 3585 647 3651 ll.
667 3610 700 3672 p.
723 3584 799 3648 358.
1358 3671 1362 3678 ¹

379 3696 453 3773 Τοὺς
473 3695 604 3772 κυκλίους
627 3695 741 3771 τούτους
763 3694 827 3769 τοὺς
850 3695 977 3785 αὐτάρ
1000 3698 1137 3760 ἔπειτα
1159 3695 1295 3783 λέγοντας

466 3807 558 3872 Μισῶ
567 3859 580 3893 ,
603 3803 780 3879 λωποδύτας
802 3804 961 3897 ἀλλοτρίων
983 3802 1084 3872 ἐπέων.

379 3913 441 3981 Καὶ
463 3914 516 3980 διά
539 3913 617 3981 τοῦτ’
640 3912 744 4000 ἐλέγοις
767 3916 907 4004 προσέχω
929 3913 1026 3980 πλέον·
1048 3911 1133 3980 οὐδὲν
1156 3919 1217 4002 ἔχω
1238 3915 1299 4003 γάρ

469 4028 636 4117 Παρθενίου
657 4025 791 4092 κλέπτειν
812 4025 831 4095 ir
853 4025 928 4092 πάλι
950 4024 1163 4112 Καλλιμάχου.
