3100 4942
704 527 751 598 45

275 746 373 840 Θηρὶ
403 747 455 834 μὲν
486 747 687 813 οὐατόεντι
709 745 862 836 γενοίμην,
884 746 979 812 εἴποτε
1000 749 1134 840 γράψω,

326 879 328 884 ⁴
363 860 488 943 εἴκελος,
511 857 551 922 ἐκ
574 865 759 945 ποταμῶν
790 857 927 947 χλωρά
955 857 1173 945 χελιδόνια.

273 969 299 1033 οἱ
322 966 352 1033 δ’
373 971 463 1042 οὕτως
485 968 533 1035 τδν
556 967 688 1060 Όμηρον
710 966 839 1041 ἀναιδῶς
863 966 1079 1034 λωποδυτοῦσιν

363 1083 423 1153 ὄις-ε
445 1084 566 1170 γράφειν
588 1079 663 1153 ᾔδη’
689 1079 814 1148 Μῆνιν
834 1075 942 1141 ἄειδε
963 1077 1042 1140 θεά.

294 1185 370 1271 Peg.
399 1187 447 1249 ll.
476 1185 545 1274 (lui
564 1190 694 1250 acriter
712 1209 787 1248 curn
805 1184 1116 1248 soloecisms'sbellu
1127 1209 1221 1272 gere·

253 1292 335 1355 bant
354 1297 540 1380 magistelli
559 1319 633 1358 curn
650 1297 724 1358 suis
747 1297 891 1382 ineptiis
909 1292 1221 1377 contemnebantur)

251 1401 427 1488 Postquam
451 1406 615 1470 sinceritas
643 1405 796 1468 sermonis
823 1402 937 1465 Graeci
966 1422 1025 1476 es,
1051 1406 1119 1486 qua'
1140 1401 1222 1465 dixi·

250 1529 337 1587 mus,
361 1510 436 1576 labe
455 1513 626 1598 inquinata
651 1522 697 1575 est
719 1522 750 1574 et
776 1511 938 1574 doctiores
957 1491 1073 1572 ‘omnes
1092 1509 1222 1595 linguae

247 1619 462 1704 cognitionem
481 1643 523 1700 ex¹
543 1621 631 1685 libris
647 1642 714 1685 non
734 1641 773 1684 ex
795 1620 860 1683 vita
876 1618 1006 1681 haurire
1025 1631 1221 1702 coeperunt,

247 1735 324 1788 nata
345 1735 391 1789 est
412 1728 524 1793 odiosa
550 1729 751 1794 consuetudo
772 1725 929 1813 carpendi
949 1727 1102 1790 sermonis
1125 1727 1221 1808 vitia,

250 1836 522 1923 requirendique‚
545 1858 613 1923 qua
634 1837 747 1902 veteris
768 1835 934 1921 scriptoris
952 1837 1145 1900 auctoritate
1167 1859 1220 1902 vo-

249 1942 421 2022 cabulum,
447 1947 488 2010 de
510 1965 578 2031 quo
590 1944 832 2031 ambigebatur,
856 1945 1023 2007 niteretur.
1047 1943 1107 2008 Cui
1128 1947 1222 2033 igno·

248 2061 299 2114 tus
317 2062 363 2115 est
382 2053 539 2116 Athenaei
556 2053 740 2126 κοιτούκειτος
748 2103 761 2135 ,
786 2051 827 2114 de
846 2071 915 2136 quo
934 2050 1044 2113 scribit
1057 2051 1082 2113 Ι.
1097 2074 1174 2139 pag.
1189 2057 1217 2118 l.

248 2155 328 2236 οὗτος
352 2162 459 2254 ὁάνὴρ
483 2165 565 2250 νόμον
590 2165 650 2248 εἶχε
672 2159 792 2249 μηδενὸς
816 2161 995 2249 ἀποτρώγειν
1023 2157 1088 2250 πρὶν
1108 2162 1214 2228 εἰπεῖν·

247 2275 339 2337 κεῖται
359 2273 377 2344 ἢ
395 2272 427 2338 οὐ
443 2274 535 2336 κεῖται
543 2299 555 2355 ,·
583 2269 637 2336 οἷον
658 2271 683 2336 εἰ
697 2273 790 2337 κεῖται
811 2275 875 2361 ὥρα
896 2267 943 2334 ἐπὶ
962 2274 1012 2333 τοῦ
1034 2277 1085 2344 τῆς
1107 2271 1218 2363 ἡμέρας

245 2380 342 2473 μορίου
364 2379 415 2444 καὶ
432 2381 456 2445 εἰ
473 2381 487 2444 ὁ
502 2381 631 2467 μέθυσος
647 2377 691 2445 ἐπ’
707 2377 813 2471 ἀνδρός
829 2387 860 2439 et
879 2378 1011 2454 similia,
1037 2399 1124 2465 quae
1147 2403 1218 2466 pas-

244 2473 301 2550 siol
321 2489 412 2574 apud
428 2486 631 2551 Athenaeum
650 2489 811 2574 leguntur.
833 2485 933 2547 lllulta
954 2505 1041 2570 quae
1058 2487 1217 2552 huclaci-

243 2606 301 2660 unt
319 2597 444 2662 debunt
461 2598 576 2661 Pollux
593 2607 624 2660 et
644 2615 790 2659 morosus
809 2613 923 2656 censor
935 2592 1106 2657 verborum
1118 2594 1216 2681 Phry·

239 2703 365 2768 nichus.
389 2705 547 2792 Apposite
567 2706 608 2768 K.
634 2704 733 2768 Lehrs
750 2705 784 2766 in
805 2702 949 2783 Quaestt.
973 2701 1081 2787 Epicis
1096 2725 1129 2786 p.
1156 2705 1210 2779 10,

240 2808 351 2872 locum
372 2807 555 2874 Philostrati
578 2812 685 2874 attulit
715 2811 821 2876 eVit.
845 2808 986 2894 Sophist.
1018 2834 1053 2895 p.
1074 2811 1141 2876 578
1163 2812 1211 2878 ἐκ·

242 2915 329 3008 olleo
354 2915 385 2982 d'
408 2917 497 2984 αὐτὸν
519 2917 734 3005 (Philagrum)
757 2919 885 3010 ῥήματος
908 2918 948 2993 ὡς
967 2917 1085 3008 ἕνόργῇ
1102 2919 1211 3014 druove

243 3028 340 3113 γάντος
367 3027 525 3116 λαβόμενος
546 3027 560 3091 ὁ
583 3026 744 3117 Ἀμφικλῆς
769 3063 814 3072 -
834 3029 919 3116 παρὰ
947 3028 998 3091 τίνι
1019 3036 1077 3094 τῶν
1099 3030 1211 3119 ἐλλογί.

242 3157 305 3222 μων
328 3135 405 3201 τοῦτ’
429 3137 560 3226 olomuc,-
591 3139 655 3226 ἔφη.
690 3133 752 3198 Καὶ
777 3139 824 3210 ὅς·
849 3136 933 3226 παρά
956 3133 1110 3228 Φιλάγρῳ.
1149 3140 1214 3204 Sed
1290 3122 1294 3128 ’

239 3243 339 3308 instar
360 3243 504 3306 omnium
523 3251 569 3306 est
589 3241 724 3305 Luciani
743 3239 1001 3333 Ψευδοσοφιςὴςῆ
1021 3245 1210 3336 tolosum,

239 3349 325 3414 unde
343 3349 437 3414 simul
460 3358 598 3436 apparet
622 3348 742 3434 quibus
761 3347 911 3412 sordibus
932 3351 1048 3436 vulgus
1068 3352 1210 3420 Graeco·

155 3455 157 3458 ’
236 3481 309 3522 rum
336 3462 478 3547 patrium
500 3479 679 3524 sermonem
707 3459 772 3520 iam
794 3466 862 3520 tum
888 3462 1085 3544 corruperit,
1115 3464 1209 3530 simul

238 3590 338 3654 quam
370 3567 495 3632 indocti
534 3576 566 3630 et
596 3566 697 3651 inepti
727 3565 846 3629 fuerint
875 3565 926 3629 isti
957 3569 1116 3654 magistri,
1151 3575 1210 3658 qui

238 3689 362 3746 ceteros
383 3677 538 3763 castigare
559 3685 590 3738 et
609 3673 844 3760 reprehendere
864 3674 1019 3740 solerent:
1046 3678 1117 3742 vide
1138 3701 1210 3746 om·

236 3789 314 3852 nino
346 3786 466 3851 Lehrsii
501 3785 609 3848 locum
642 3803 741 3869 supra
771 3783 951 3847 laudatum.
986 3785 1060 3851 Post
1091 3791 1208 3854 multos

236 3895 454 3981 putidissimus
481 3912 618 3966 errores,
651 3890 685 3953 in
715 3890 835 3976 quibus
855 3893 901 3955 nil
930 3894 1004 3956 mali
1026 3897 1206 3980 suspicatus

236 4004 359 4080 luerat,
386 4003 429 4068 ait
451 4025 484 4087 p.
504 3999 579 4063 556.
602 3997 640 4063 σὺ
662 3997 691 4064 δ’
715 3997 798 4065 οὐδὲν
819 4002 901 4074 εἶπας
925 3998 964 4066 ὧν
986 4005 1138 4094 ἅνθρωποι
1155 4029 1204 4070 σο-
