3100 4942
777 522 824 593 48

311 750 401 804 turn:
437 734 566 822 respicit
596 737 681 799 euim
704 739 803 828 potita
824 755 981 822 poenam,
1017 754 1085 820 qua
1108 734 1283 802 affectusa

310 847 461 932 Dionysio
487 844 582 907 fuerit
609 843 820 907 Philoxenus:
855 843 942 907 unde
961 842 1015 905 ille
1037 846 1204 932 τιναχθείς,
1227 869 1282 911 oc·

311 957 483 1019 hementer
513 961 711 1030 commotus,
745 955 863 1046 ὠρυγῇ,
897 975 1019 1040 magno
1052 940 1128 1018 cum¹
1150 957 1284 1020 eiulatu

312 1083 372 1150 per
393 1061 506 1126 urbem
523 1062 746 1149 Colophonem
764 1063 887 1126 transiit
898 1063 931 1125 in
948 1063 1088 1147 petrium
1107 1062 1282 1148 Cythera.”

312 1171 399 1234 Haec
427 1191 468 1234 ne
498 1171 559 1256 ipsi
582 1169 714 1256 quidem
737 1169 988 1233 Hermesiunacti
1011 1168 1183 1232 affirmanti
1211 1192 1283 1235 cre·

312 1277 478 1355 delemus,
493 1297 555 1340 nec
574 1278 641 1340 sine
661 1278 727 1339 risu
745 1297 850 1352 nunc,
865 1277 998 1362 opinor,
1011 1277 1035 1339 si
1056 1278 1154 1341 modo
1173 1279 1285 1342 etiem·

314 1397 382 1451 tum
404 1387 485 1449 serio
497 1385 622 1470 scripsit
635 1433 643 1460 ‚
658 1385 860 1448 Hermennus
883 1386 951 1470 ipse
972 1385 1111 1471 releget,
1135 1387 1218 1451 odeo
1241 1390 1285 1452 ri·

314 1494 442 1558 diculus
464 1502 508 1556 est
532 1491 725 1556 Philoxenus
752 1491 895 1555 ululans
914 1493 1003 1576 (nem
1036 1492 1100 1557 hoc
1121 1507 1167 1559 est
1195 1488 1285 1590 ὠρύο-

314 1604 380 1670 σθαι
403 1613 435 1666 et
457 1605 553 1694 ὠμνγή
562 1653 576 1686 ,
598 1620 663 1665 non
684 1597 830 1683 eiulare)
859 1620 897 1662 ex
924 1600 1086 1664 lautumiis
1107 1624 1167 1687 per
1188 1604 1287 1668 Colo·

313 1714 455 1798 phonem
486 1712 518 1773 in
550 1711 688 1796 patriam
713 1718 882 1774 revertens.
918 1708 1035 1770 Ultimo
1067 1711 1153 1773 varie
1182 1714 1285 1800 expli·

314 1830 446 1884 cantur:
479 1819 532 1880 aiii
555 1828 672 1903 putent
701 1838 827 1880 sensum
857 1837 939 1880 esse:
974 1839 1162 1895 rumorem,
1187 1844 1286 1906 quen„

313 1929 524 1994 Philoxenus
542 1929 785 2012 primogenitis
806 1931 917 1990 ouium
934 1926 1104 2004 sociabus,
1129 1933 1203 1994 siue
1224 1955 1278 2020 eg·

313 2039 368 2100 nis
394 2035 579 2112 Galateae‚
605 2039 717 2098 inesse
745 2035 871 2117 μηκέθ’
897 2037 965 2098 eliis
985 2041 1083 2122 potita
1106 2037 1213 2102 dicere
1239 2044 1268 2106 ri

315 2144 411 2207 detur
444 2141 670 2206 Philoxenum
706 2140 873 2207 Galateee
893 2145 1099 2208 desiderium
1119 2147 1175 2210 uel
1198 2153 1283 2237 ι’μοιό

317 2255 419 2339 agnis
442 2253 637 2313 incussisse.
661 2247 743 2314 οὐδὲν
761 2247 848 2336 ὑγιές.
872 2252 992 2336 Ecquis
1014 2261 1121 2314 eutem
1143 2257 1284 2342 aliquam

315 2357 503 2420 sententiam
525 2356 714 2439 exsculpere
735 2367 841 2441 potest
862 2380 900 2420 ex
924 2358 972 2420 his
993 2381 1037 2422 vs.
1063 2358 1106 2425 79
1126 2383 1201 2450 sqq.

405 2461 488 2528 Otut
510 2462 561 2548 μὲν
584 2461 647 2527 οὐδ’
670 2463 766 2529 ὁπόσοι
789 2465 911 2558 σκληρὸν
933 2466 995 2552 βίον
1016 2465 1177 2538 ἐκτήσαντο

492 2573 661 2661 ἀνθρώπων
672 2623 685 2656 ,
707 2573 822 2642 σκολιὴν
844 2577 989 2662 μαιόμενοι
1010 2577 1130 2668 σοφίην,

406 2681 467 2756 Οὒς
489 2682 566 2752 αὐτὴ
588 2680 654 2775 περὶ
675 2683 767 2770 πικρά
789 2683 881 2772 λόγων
904 2683 1062 2776 ἐσφίγξατο
1084 2697 1168 2775 μῆτις

496 2791 544 2856 καὶ
565 2789 645 2860 δεινὴ
669 2793 773 2879 μύθων
796 2791 886 2868 κῆδος
908 2795 1004 2881 ἔχονσ“
1027 2798 1118 2889 ἀρετή
1125 2851 1139 2882 ,

407 2901 486 2968 Οὐδ’
508 2901 534 2966 οἳ
558 2899 647 2966 δεινὸν
669 2905 774 2990 ἔμωτος
796 2904 1005 2996 ἀπεςρέψαντο
1028 2904 1164 2993 κυδοιμὸν

495 3012 657 3103 φαινόμενον
664 3060 678 3093 ,
699 3007 792 3074 δεινὸν
813 3008 843 3074 δ’
867 3007 958 3082 ἦλθον
980 3012 1027 3105 ὑφ’
1050 3016 1172 3101 ἡνίοχον.

359 3123 397 3186 In
427 3143 519 3186 versu
553 3122 645 3184 tertio
678 3121 881 3184 Hermennus
908 3148 941 3209 p.
964 3123 1042 3187 250.
1071 3124 1201 3209 corrigit
1230 3121 1287 3194 αὐή

319 3242 350 3294 et
384 3251 509 3294 sensum
542 3230 695 3316 opinetur
728 3249 794 3292 esse
830 3229 935 3292 hunc:
979 3254 1085 3317 »quos
1117 3229 1286 3294 anhelans

318 3362 402 3402 cura
423 3339 630 3422 disputando
652 3338 693 3400 cle
715 3337 815 3400 rebus
838 3341 964 3401 amoris
985 3340 1187 3403 macilentos
1207 3339 1285 3401 red·

318 3447 431 3513 didit''
463 3441 493 3514 εὖ
517 3451 551 3519 νὴ
575 3448 623 3514 τὸν
644 3449 777 3539 Ἑρμῆν,
811 3453 829 3512 ὅ
851 3472 878 3513 τι
903 3449 995 3537 λέγεις
1017 3449 1047 3515 δ’
1076 3451 1109 3516 οὐ
1135 3449 1282 3538 μανθάνω,

317 3557 399 3621 Nam
419 3558 512 3621 sirei
544 3559 680 3622 maxime
703 3557 760 3628 αὐὴ
787 3567 871 3646 μῆτις
894 3569 1001 3643 posset
1023 3580 1089 3622 esse
1117 3559 1284 3622 anhelans

316 3688 401 3730 eura
430 3675 462 3728 et
494 3667 675 3759 σφίγγεσὲιαί
692 3691 755 3731 τινα
788 3668 936 3753 ulr'quem
963 3689 1138 3732 macerare
1163 3677 1194 3730 et
1219 3666 1284 3758 περὶ

318 3776 408 3867 πικρὰ
429 3775 521 3864 λάμων
547 3776 755 3864 disputando
775 3778 817 3840 de
844 3777 944 3840 rebus
962 3781 1111 3854 amoris,
1142 3786 1177 3840 ut
1196 3797 1287 3842 nune

286 3915 288 3918 ·
317 3905 383 3948 non
404 3895 526 3971 potest,
548 3886 597 3949 vel
616 3887 661 3949 sic
675 3897 783 3950 temen
800 3908 838 3951 ex
859 3887 1001 3952 versibus
1016 3888 1132 3974 quinto
1151 3895 1182 3948 et
1199 3895 1287 3948 sexto

320 4002 499 4080 utcumque
518 3993 663 4058 obscuris
681 4007 712 4060 et
733 3997 808 4062 atris
819 3997 893 4062 satis
911 4008 1048 4085 apparet
1069 3995 1215 4062 nondum
1233 3993 1288 4056 hic
