3100 4942
688 615 690 620 ·
778 564 801 635 8

314 786 538 879 cogitaturum
569 785 696 879 effigies
713 792 753 856 'et
781 787 909 879 imago,
940 781 1161 876 intelligentia
1184 805 1269 876 pen·

315 902 403 974 deat.
454 902 529 973 Nun
555 912 606 972 est
633 912 745 974 autem
779 905 879 974 nimis
909 903 1047 973 difficile
1078 901 1271 996 aequalium

316 1023 527 1118 populorum
551 1022 683 1116 linguas
706 1032 818 1094 mente
839 1032 873 1094 et
896 1024 1057 1094 memoria
1077 1021 1272 1114 complecti:

319 1168 398 1214 nam
415 1145 575 1215 orationis
595 1143 701 1214 forma
717 1142 846 1213 stabilis
864 1152 931 1234 est,
948 1143 992 1215 de
1004 1143 1273 1236 senensiugulo·

318 1283 396 1332 rum
424 1262 530 1333 veluti
555 1271 654 1358 pactu
681 1270 813 1333 constat
841 1264 928 1333 inter
952 1286 1078 1333 omues.
1109 1261 1275 1355 Apaucis

320 1381 400 1452 inde
425 1367 548 1452 seculis
568 1381 747 1451 cultiorem
765 1382 917 1475 linguam
938 1390 971 1451 et
993 1382 1188 1477 scripturae,
1214 1385 1275 1476 qui

321 1501 459 1596 quidem
471 1501 535 1594 legi
551 1510 740 1593 merentur,
757 1501 884 1572 habeut
896 1502 946 1570 illi
960 1503 1096 1596 pupuli,
1110 1504 1170 1595 qui
1182 1526 1276 1572 nunc

320 1623 470 1716 reliquus
502 1622 538 1690 in
567 1620 648 1690 orbe
673 1629 840 1691 terrarum
872 1620 969 1690 cultu
1005 1630 1039 1692 et
1067 1621 1279 1693 humanitate

322 1742 542 1838 antecellunt.
592 1741 701 1829 Quam
733 1741 864 1812 diversa
895 1751 946 1811 est
971 1745 1186 1838 antiquarum
1211 1744 1277 1813 liu-

310 1884 469 1970 guarum
491 1859 593 1928 ratic!
618 1859 683 1928 Per
699 1882 805 1928 anuos
824 1861 903 1953 plus
925 1885 1027 1955 quam
1050 1861 1102 1931 bie
1121 1864 1276 1936 millenos

235 2062 238 2068 ¹
323 2003 433 2051 sermo
471 1980 619 2048 Graecus
652 1979 744 2073 apud
774 1981 977 2052 cultissimas
1004 1993 1121 2076 gentes
1149 1987 1184 2055 iu
1212 2010 1279 2057 usu

320 2099 387 2170 fuit
424 2105 628 2190 secutusque
665 2106 738 2187 est,
778 2110 818 2169 ut
856 2100 969 2170 solent
1000 2101 1176 2175 hominum
1213 2106 1279 2177 lin-

321 2242 430 2314 guae,
469 2219 578 2286 varins
610 2239 708 2286 casus
739 2225 773 2288 et
809 2219 1071 2312 vicissitudines,
1108 2249 1194 2319 quas
1227 2227 1278 2297 illi
1379 2264 1382 2269 ·

322 2341 451 2435 experti
481 2347 576 2428 suut,
613 2339 822 2432 inquorum
849 2363 907 2410 ore
930 2349 964 2410 et
992 2343 1111 2412 animis
1136 2345 1281 2415 vivebat.

323 2463 419 2551 Quae
439 2460 613 2531 communi
642 2461 779 2528 nomine
804 2482 897 2529 nunc
923 2461 1050 2530 Graeca
1072 2461 1188 2556 lingua
1213 2490 1280 2560 ap·

325 2581 445 2675 pellari
474 2578 559 2649 solet
590 2586 624 2647 et
656 2587 833 2673 propterea
866 2604 884 2648 a
910 2579 1081 2674 plerisque
1114 2606 1177 2675 pru
1213 2608 1281 2653 una

326 2701 510 2795 eademque
526 2697 660 2790 haberi,
692 2700 793 2794 longa
813 2711 944 2771 constat
963 2703 1157 2796 linguarum
1178 2707 1278 2795 serie,

327 2845 390 2917 pro
424 2821 515 2890 varia
549 2827 656 2888 aetate
689 2828 723 2889 et
749 2823 857 2914 patria
880 2831 913 2891 et
935 2823 1069 2914 iugenio
1100 2847 1282 2912 eurum,a

327 2941 454 3036 quihus
493 2939 742 3034 usurpabatur,
781 2943 1092 3015 diversissimarum.
1147 2946 1285 3034 Quanto

327 3062 484 3154 antiquae
513 3060 650 3152 stirpes,
676 3060 767 3130 unde
796 3063 916 3157 populi
941 3065 975 3132 in
1005 3063 1110 3135 libera
1145 3069 1284 3137 Graecia

330 3181 394 3250 orti
418 3186 516 3268 sunt,
542 3180 656 3251 indole
686 3191 721 3252 et
750 3182 903 3254 moribus
927 3184 1181 3280 discrepabant,
1207 3198 1284 3257 tan-

330 3309 405 3370 tum
426 3307 477 3370 est
499 3301 533 3368 iu
555 3303 704 3372 oratione
731 3302 922 3375 discrimen.
972 3306 1007 3375 Si
1036 3308 1114 3399 quis
1137 3304 1192 3402 (ut
1219 3306 1285 3375 huc

333 3417 426 3514 utar)
452 3418 565 3489 Dorici
587 3425 748 3492 sermonis
771 3424 931 3518 reliquias
956 3426 998 3496 ad
1021 3428 1194 3520 antiquam
1215 3425 1288 3495 lin-

332 3559 434 3630 guam
461 3535 607 3606 lunicam
642 3547 677 3609 et
703 3538 850 3611 Atticam
877 3556 1028 3639 spectare
1053 3546 1162 3631 volet,
1196 3547 1289 3639 apud

335 3656 434 3726 aliam
454 3655 622 3740 nationem
645 3680 679 3728 se
697 3660 811 3730 credet
831 3685 921 3733 esse:
946 3665 1029 3735 adeo
1050 3678 1129 3735 suut
1149 3666 1289 3736 dissimi-

333 3775 380 3845 lia
406 3776 534 3844 0mnia:
565 3777 736 3869 ingenium
762 3783 888 3874 gentis,
919 3785 1091 3878 instituta,
1119 3788 1288 3881 cogitandi

336 3896 444 3986 ratic,
483 3898 655 3988 materies,
694 3898 813 3972 forma.
865 3904 971 3976 Dures
996 3932 1113 4000 graves
1142 3933 1181 3980 ac
1213 3919 1289 3979 tar-

339 4016 392 4106 di,
432 4017 532 4111 patrii
567 4018 669 4096 moris
699 4023 920 4116 tenacissimi,
959 4027 1168 4123 reliquorum
1193 4053 1290 4100 um-
