3100 4942
810 538 859 612 92

352 761 490 831 feliciter
511 758 595 825 eruit
617 756 739 819 amicus
757 755 893 841 quidam
922 767 1029 821 meusi
1059 757 1184 851 ἒνςοίξῃ.
1228 764 1332 852 Apud

356 872 482 956 Lysiam
514 867 626 929 eadem
657 864 759 926 forma
791 859 886 955 ὦρλεν
917 865 1032 929 iterum
1062 868 1240 956 depravata
1266 873 1326 937 fuit

354 1002 388 1065 p.
412 976 474 1041 159
489 974 568 1063 (389
580 974 632 1056 Β.)
649 974 681 1035 in
699 973 834 1064 ὤφειλεν,
858 974 913 1037 ubi
933 986 1099 1040 corrector
1119 978 1203 1042 bene
1217 1001 1326 1044 emen-

355 1088 462 1151 davit:
485 1092 529 1153 ὅτι
556 1088 686 1169 τοσοῦτοι
712 1077 811 1174 ὦφλε
836 1089 991 1174 χρήματα.
1019 1084 1225 1150 Vocabulum
1246 1087 1327 1173 κᾷτα

353 1196 387 1259 in
409 1194 623 1283 Aristophane
646 1192 799 1255 admonet
817 1212 867 1253 me
886 1192 948 1253 loci
969 1192 1113 1275 Lysiam,
1138 1196 1170 1257 in
1190 1217 1259 1281 quo
1278 1199 1326 1261 la.

356 1314 423 1367 tere
445 1304 572 1367 videtur
599 1325 633 1387 p.
658 1298 720 1363 185
741 1298 831 1383 (454.
857 1299 909 1383 Β.)
940 1299 990 1364 καὶ
1016 1302 1159 1378 τούτοιςὸ
1186 1306 1326 1397 ἱερόσυλος

357 1414 519 1504 περιτρέχει
543 1410 634 1499 λέγων
663 1409 702 1483 ὡς
734 1407 880 1493 εὐσέβειαν
913 1408 981 1473 ἀλλ’
1011 1411 1063 1476 οὐκ
1088 1413 1232 1482 εὐτέλειαν
1262 1420 1329 1485 ciui·

359 1522 466 1613 χραψε.
499 1517 706 1583 Marklandus
724 1513 774 1581 καὶ
799 1514 846 1580 ἐπὶ
873 1518 981 1593 τούτοις
1007 1522 1207 1615 corrigebat:
1237 1528 1331 1612 equi·

359 1633 431 1696 dem
455 1648 627 1715 agnoscam
653 1625 758 1688 Attice
784 1627 972 1710 toquentem
992 1629 1016 1690 si
1039 1634 1230 1697 correxeris:
1265 1632 1331 1719 κᾷθ’

359 1740 374 1805 ὁ
406 1738 548 1832 ἱερόσυλος
580 1738 742 1828 περιτρέχει
777 1736 880 1823 λέγων.
921 1738 1111 1803 Ridiculum
1142 1744 1254 1807 vitium
1283 1755 1331 1809 est

361 1872 395 1935 p.
422 1848 482 1911 136
501 1845 580 1931 (329
602 1845 654 1929 Β.)
677 1844 855 1933 ἐπετυχέτην
878 1847 958 1937 αὐτῷ
983 1846 1134 1933 βαδίζοντι
1142 1904 1156 1936 ,
1189 1872 1331 1937 namque

361 1965 407 2019 est
430 1954 555 2039 aliquid
581 1957 663 2017 inter
687 1954 833 2043 ἐπιτυχεῖν
857 1967 893 2019 et·
910 1960 1073 2047 περιτυχεῖν
1080 2011 1094 2044 ,
1120 1959 1212 2043 quod
1234 1955 1333 2045 'repo-

360 2064 513 2128 nendum.
557 2064 660 2128 Minus
694 2067 801 2150 turpia
832 2076 863 2128 at
890 2086 956 2129 non
988 2068 1092 2129 minus
1121 2069 1233 2131 vitiosa
1259 2080 1333 2133 sunt

362 2174 461 2237 haee:
487 2172 618 2248 ἐλεεινούς
637 2194 697 2260 pro
717 2174 838 2251 ε’λεινούς
861 2198 893 2259 p.
919 2174 980 2237 182
1000 2173 1090 2258 (447.
1112 2174 1165 2259 Β.)
1186 2176 1279 2260 quod
1295 2196 1335 2240 ex

361 2285 501 2347 Homero
530 2285 624 2345 etiam
655 2284 717 2345 alio
741 2286 826 2346 mate
853 2284 1015 2345 invectum
1046 2293 1109 2358 est,
1135 2292 1171 2345 ut
1197 2284 1336 2347 ostendit

364 2389 523 2453 Porsonus
541 2391 574 2452 in
594 2391 729 2475 praefat.
755 2392 797 2454 ad
819 2390 988 2454 Hecubam
1010 2415 1045 2476 p.
1065 2388 1137 2452 Vll.
1160 2389 1220 2476 (IX
1238 2390 1331 2477 Scir.)

363 2498 533 2590 ὀλιχαρχίαν
559 2500 725 2573 καθιςοίυειν
748 2521 808 2585 pro
838 2500 996 2574 καθιςοίνοιι
1025 2521 1057 2583 p.
1083 2497 1145 2590 180
1167 2498 1258 2586 (441.
1280 2497 1335 2585 Β.)

364 2627 432 2693 qua
462 2609 528 2669 sota
558 2608 661 2671 forma
688 2610 819 2694 probati
849 2612 1022 2693 scriptores
1049 2617 1202 2682 utuntur,
1235 2630 1338 2694 quum

365 2714 480 2781 ἰδιῶται
501 2718 695 2780 recentiores
716 2719 851 2792 καθιςοίν
873 2727 903 2779 et
924 2718 1099 2791 καθιςοίνειν
1126 2716 1234 2779 dicere
1258 2718 1340 2780 sole·

368 2834 457 2899 rent,
482 2822 547 2886 vid.
572 2824 751 2885 Luoianum
771 2826 806 2886 in
827 2824 1003 2886 Soloeeista
1019 2823 1108 2885 Tom.
1130 2824 1189 2885 111.
1210 2848 1243 2910 p.
1260 2826 1337 2890 571.

366 2934 481 3016 Neque
507 2936 601 3019 ὤμνυε
630 2954 690 3018 pro
718 2939 798 3020 ὤρνυ
822 2954 840 2995 a
863 2932 957 3016 Lysia
980 2932 1057 3018 poni
1086 2934 1192 3017 potuit
1214 2957 1248 3019 p.
1276 2933 1338 2998 154

366 3040 457 3126 (376.
481 3040 534 3123 Β.)
566 3041 643 3125 quia
674 3042 834 3104 recentior
862 3040 917 3101 hie
945 3061 1020 3102 usus
1050 3050 1113 3117 est,
1148 3062 1217 3125 quo
1244 3042 1338 3129 ὀμνύω

365 3148 486 3215 δεικνύω
505 3157 536 3209 et
553 3147 666 3210 similia
683 3148 880 3233 frequentari
900 3157 1095 3230 coeperunt,
1120 3169 1229 3233 neque
1247 3148 1341 3215 ’Ana-

368 3257 475 3345 δηριίοιν
490 3277 551 3342 pro
573 3254 771 3343 Ἀκαδήμειαν
779 3309 793 3342 ,
816 3274 902 3339 quae
920 3254 989 3316 soie
1007 3254 1109 3317 forma
1130 3254 1254 3321 Graeca
1273 3268 1339 3335 est,

369 3393 404 3457 p.
425 3366 489 3430 150
512 3365 591 3453 (363
615 3366 669 3449 Β.)
686 3388 795 3452 neque
817 3362 1000 3441 ἀποδειῒαιεν
1021 3388 1055 3450 p.
1082 3363 1144 3427 143
1169 3364 1258 3449 (355.
1285 3366 1340 3453 Β.)

370 3488 424 3543 aut
448 3475 648 3545 τελευτήσειεν
671 3497 704 3559 p.
734 3474 797 3537 133
826 3474 915 3559 (324.
939 3471 991 3558 Β.)
1018 3492 1120 3556 quum
1141 3470 1240 3535 Attici
1260 3492 1340 3535 con·

368 3596 488 3651 stanter
514 3582 721 3671 ἀποδείξειαν,
751 3582 952 3655 τελευτνπειοιν
982 3591 1014 3643 et
1042 3581 1155 3643 similia
1183 3578 1339 3657 dixerint,

372 3714 480 3780 neque
501 3690 653 3778 ε’ληϊζόρην
678 3713 713 3776 p.
740 3689 803 3754 160
823 3689 914 3775 (391.
939 3688 992 3771 Β.)
1021 3685 1114 3771 quod
1130 3685 1342 3748 Homericum

373 3813 419 3867 est
440 3823 501 3888 pro
521 3800 675 3891 ἐλῃζόμην.
696 3800 849 3886 frequens
865 3800 918 3862 hic
938 3817 1027 3860 error
1042 3804 1102 3871 est,
1127 3815 1230 3878 quum
1248 3812 1342 3854 nemo

373 3923 481 3975 tamen
495 3909 599 3985 λη’ἱςής
620 3916 675 3969 aut
692 3906 837 3996 λη’ίςήριον
855 3907 1034 3990 scripturus
1050 3910 1142 3963 esset.
1171 3898 1258 3961 Ferri
1276 3917 1342 3961 non

373 4015 515 4083 debebat
538 4038 572 4102 p.
599 4012 660 4078 114
690 4013 780 4100 (275.
806 4012 860 4096 Β.)
881 4012 1031 4076 vitiosum
1056 4008 1221 4097 ποθέσομαι
1244 4026 1354 4092 quum.
