3100 4942
772 567 819 638 16

321 786 486 880 condique
515 785 669 856 formulis
705 781 875 874 subiecta,
911 784 1012 878 longa
1045 784 1269 860 familiaritate

322 916 356 976 et
390 929 453 976 usu
498 905 600 976 veluti
632 928 673 976 ex
705 927 763 974 ure
792 904 963 997 loquentis
986 900 1165 974 discamus.
1214 908 1270 979 Sic

321 1025 458 1096 demunt
483 1032 670 1094 nascuntur
701 1024 854 1093 notiones
881 1023 992 1092 clarae
1014 1032 1208 1118 certaeque,
1233 1037 1273 1097 ut

324 1145 385 1214 sibi
404 1147 548 1240 quisque
567 1143 703 1216 credere
718 1154 795 1215 tuto
815 1131 922 1238 possit
939 1168 1050 1238 neque
1069 1143 1113 1213 ab
1129 1145 1273 1216 aliorum

326 1289 426 1336 sensu
446 1265 640 1358 iudicioque
660 1253 751 1336 totus
776 1264 932 1359 pendeat.
981 1266 1066 1336 Nam
1093 1265 1275 1358 trepidabit

325 1410 457 1482 semper
471 1392 505 1456 et
516 1386 551 1454 in
566 1385 818 1482 interpretando
835 1383 962 1455 dubius
974 1382 1142 1473 haerebit,
1163 1387 1219 1455 cui
1232 1385 1276 1454 ad

326 1506 464 1576 alterius
498 1509 729 1578 auctoritatem
757 1508 1023 1602 confugiendum
1044 1517 1094 1578 est
1117 1516 1152 1578 et
1181 1508 1274 1602 quod

327 1649 482 1720 praesens
501 1627 585 1698 bora
605 1631 756 1722 postulat
777 1655 796 1702 e
813 1629 1065 1700 ¹Commentario
1087 1629 1201 1722 aliquo
1224 1629 1278 1700 rel

327 1746 449 1816 Lexieo
474 1747 730 1819 corradendum.
779 1749 897 1843 Itaque
930 1748 1049 1818 Lexica
1074 1747 1216 1818 abiicere
1243 1756 1278 1820 et

330 1866 392 1937 sibi
427 1865 581 1938 sufficere
613 1876 744 1937 mature
774 1866 947 1938 docendus
977 1877 1028 1938 est
1070 1869 1279 1963 quicumque

328 1990 452 2057 iustam
496 1995 689 2080 certamque
732 1988 890 2080 antiquae
930 1988 1066 2082 linguae
1105 1990 1279 2059 seientiam

329 2107 476 2201 quaerit:
508 2106 551 2174 ita
583 2130 662 2176 vero
687 2131 773 2200 quae
799 2114 896 2178 antea
921 2132 1004 2200 vaga
1024 2115 1058 2177 et
1081 2109 1211 2178 infinita
1233 2117 1281 2179 te·
1371 2133 1374 2136 ’

329 2249 420 2296 mere
453 2224 593 2293 volitare
629 2223 850 2320 ridebantur,
884 2224 1016 2294 stabilia
1046 2225 1119 2296 fieri
1142 2236 1176 2297 et
1200 2252 1283 2298 con·

331 2349 445 2415 sistere
481 2341 624 2434 videbit,
663 2343 888 2438 dispellentur
924 2346 1006 2416 istae
1034 2345 1160 2434 nubes,
1195 2371 1283 2439 quae

331 2467 436 2537 menti
458 2462 652 2559 quominus
675 2485 792 2530 verum
809 2462 900 2532 clare
917 2472 1069 2534 cerneret
1090 2462 1282 2536 officiebant

333 2592 424 2656 etex
441 2581 649 2652 tenebricoso
674 2579 793 2648 itinere
816 2603 966 2650 emersus
990 2583 1026 2651 in
1050 2582 1163 2653 lucem
1183 2585 1283 2658 firmo

332 2703 460 2798 gradu,
486 2723 555 2794 quo
579 2696 753 2788 tendebat,
788 2708 877 2769 recta
902 2710 1020 2794 perget
1044 2703 1102 2772 ire.

381 2823 427 2894 At
443 2845 546 2892 novas
566 2819 720 2891 tenebras
741 2829 892 2890 veterum
915 2832 1212 2894 monumentorum
1234 2825 1286 2895 in·

335 2943 473 3037 terpreti
496 2941 671 3012 offundere
696 2939 844 3030 videtur,
870 2941 964 3036 quod
995 2941 1187 3036 Antiquitas
1216 2945 1285 3014 sive

337 3065 405 3133 vita
444 3062 661 3154 antiquorum
699 3063 908 3158 populorum
952 3088 1109 3158 magnam
1153 3073 1285 3160 partem

336 3184 450 3276 ignota
475 3191 526 3252 est
546 3191 580 3252 et
599 3182 746 3276 plurima
765 3191 845 3253 sunt
870 3185 906 3252 in
932 3183 1109 3253 bominum
1136 3207 1289 3257 sermone

337 3301 535 3398 explicanda
559 3327 599 3372 ex
616 3305 734 3373 notitia
753 3313 788 3374 et
810 3306 879 3374 fere
898 3303 1038 3374 dixerim
1066 3305 1229 3398 adspectu
1254 3312 1289 3375 et

337 3421 621 3516 contemplatione
654 3444 771 3490 earum
802 3445 930 3511 rerum,
956 3447 1044 3516 quae
1069 3423 1288 3516 loquentibus

335 3544 370 3613 in
396 3540 552 3614 manibus
577 3564 709 3634 semper
734 3540 787 3610 vel
808 3541 854 3611 ub
879 3542 996 3612 oculos
1017 3553 1136 3615 essent.
1173 3545 1290 3616 Faten-

336 3664 419 3733 dum
442 3669 495 3748 est,
510 3659 618 3731 multa
641 3682 712 3730 esse
736 3661 809 3730 eius
828 3661 976 3754 generis,
1002 3685 1088 3754 quae
1105 3663 1289 3734 nemo'sibi

339 3807 502 3876 umquam
530 3782 575 3850 ita
607 3781 719 3850 auimo
747 3780 929 3851 informare
952 3788 986 3850 et
1008 3781 1137 3876 fingere
1162 3785 1288 3877 possit,

341 3905 425 3999 quin
454 3901 646 3997 perieulum
671 3902 714 3971 sit
738 3926 782 3971 ne
805 3903 947 3972 nimium
971 3910 1137 3994 quantum
1159 3913 1194 3974 et
1218 3904 1288 3975 for·

281 4012 284 4019 Δ
340 4005 426 4096 tasse
450 4023 633 4093 ridiculum
654 4023 689 4093 in
708 4022 848 4094 modum
874 4049 893 4094 a
915 4048 994 4096 vero
1016 4025 1166 4097 aberret:
1189 4024 1289 4118 plura
