3100 4942
697 592 767 672 155

242 812 523 900 conlundia‘quid
540 814 653 881 attinet
661 834 686 884 ,a
701 817 878 891 recentiore
894 814 1095 905 libranum
1102 814 1209 901 „alle-

242 925 347 1015 κτρκύυ
354 976 367 1009 ,
383 922 510 1015 φλυαρεῖν
526 926 682 992 enotare?
713 926 867 993 Nouimus
887 950 910 993 ει
920 962 965 986 -.·
975 954 985 995 ι
995 939 1076 999 -n'
1090 924 1213 1011 ubique

214 1058 219 1068 ¹
242 1041 361 1097 temere
378 1032 576 1118 permisceri:
600 1055 679 1099 num
696 1034 828 1121 prodest
842 1036 924 1100 scire
938 1038 1090 1123 πσὲοκυοί,
1108 1058 1211 1127 πορσον

243 1142 412 1229 υουυρικύυου
420 1194 435 1228 ,
456 1142 590 1234 daciano
598 1193 611 1228 ,
633 1141 790 1237 πλιυρίτηυ
805 1144 916 1209 vitiose
930 1146 965 1209 in
981 1147 1107 1231 aliquot
1125 1143 1213 1211 libris

244 1248 331 1335 legi?
352 1259 440 1313 estne
460 1252 538 1315 utile
558 1250 685 1339 ρελήσοις
707 1263 738 1317 ct
760 1249 916 1331 οἰυέλλοξας
934 1254 1083 1339 apposita
1102 1253 1211 1319 videre

244 1357 288 1423 ad
309 1356 455 1446 μελλήσας
476 1369 508 1423 et
528 1356 690 1438 οἰυελοξοιςΡ
725 1360 805 1441 Quis
832 1360 914 1423 serio
937 1360 1071 1425 credet?
1104 1361 1212 1442 Quam

241 1465 305 1531 siut
322 1466 414 1533 nihili
431 1469 601 1535 faciendae
621 1470 701 1535 istae
724 1471 906 1555 scripturae
926 1471 1070 1537 omnium
1091 1473 1215 1557 optime

243 1586 334 1641 certa
362 1586 394 1640 et
422 1576 553 1641 evidens
581 1577 730 1664 analogia
759 1577 914 1641 declarat.
949 1575 1154 1662 colloquitur
1181 1580 1216 1643 in

244 1684 380 1749 Luciani
399 1684 532 1750 Somnio
550 1706 626 1751 cum
644 1686 733 1775 gallo
751 1666 933 1773 gallinaceo
945 1695 1036 1752 sutor
1050 1685 1213 1759 Μίκυλλος.

244 1791 391 1875 ritiosam
405 1814 470 1858 esse
481 1792 567 1857 hanc
578 1795 714 1857 formam
733 1794 851 1859 evincit
867 1793 1035 1879 analogia5
1050 1816 1117 1879 qua
1127 1794 1215 1858 duce

245 1903 313 1979 sine
335 1903 405 1967 ullo
432 1903 546 1979 erroris
573 1904 719 1988 periculo
745 1902 868 1989 ubique
889 1902 1093 1979 Μικύλοςοκι
1118 1916 1217 1990 repo·

244 2012 405 2091 nendum,
421 2022 459 2079 ut
476 2012 646 2106 Θρασύλος,
662 2013 821 2107 Δορκύλοςτ
834 2023 948 2081 ooutra
964 2034 1004 2080 ac
1019 2013 1097 2086 solet
1110 2014 1216 2080 libra·

247 2122 370 2187 riorum
387 2123 490 2199 natio,
514 2144 600 2209 quae
615 2122 791 2217 Θραῖσυλλος
809 2133 841 2187 et
853 2122 1018 2217 Δέρκυλλος
1034 2124 1114 2189 dare
1132 2132 1217 2207 amat

249 2240 281 2295 et
302 2232 336 2296 in
354 2232 500 2297 Luciano
518 2242 706 2307 constanter
721 2232 870 2309 Μίκυλλος
887 2233 987 2298 dedit.
1011 2232 1215 2317 Analogiam,

248 2362 350 2428 quam
376 2349 558 2427 sequuntur
585 2340 733 2429 Αἰσχύλος
740 2396 754 2429 ,
782 2339 940 2427 Φειδύλος,
969 2338 1140 2439 Προιύλος,
1155 2340 1219 2403 alia

248 2449 375 2528 multa,
393 2454 564 2535 po'e'tarum
584 2451 903 2536 auctoritas-ubique
924 2450 1107 2546 confirmat.
1188 2462 1191 2467 ’

424 2557 480 2627 ddi
502 2558 540 2627 δέ
561 2583 630 2653 φησι
651 2562 766 2637 Σωσίας
788 2560 856 2652 πρὸς
877 2559 1047 2652 Δερκύλου,Ι

251 2677 298 2733 est
317 2669 350 2733 iu
368 2667 592 2756 Aristophanis
609 2668 707 2759 Vesp.
726 2670 778 2737 78.
801 2671 881 2738 nihil
899 2680 1005 2735 umen
1023 2668 1224 2753 frequentius

249 2799 351 2865 quam
373 2776 535 2868 Δέρκυλλος
552 2789 584 2842 et
604 2778 806 2873 Δερκυλλίδας
823 2781 861 2843 in
880 2778 970 2843 libris
991 2779 1115 2843 nostris.
1144 2778 1220 2871 Δέρ-

252 2889 357 2967 κυλλου
379 2886 556 2963 Αύτοκλέους
577 2887 734 2953 habemus
759 2890 795 2951 in
815 2885 990 2952 Aeschinis
1008 2896 1091 2951 orat.
1123 2886 1166 2951 de
1186 2886 1221 2949 F.

249 3000 290 3069 L·
313 3024 347 3089 p.
371 2998 444 3065 165.
468 2996 630 3088 Δέρκυλλυυ
653 3020 686 3083 p.
713 2996 785 3063 ll7;
810 2994 975 3089 Δερκύλλου
991 3004 1032 3082 'p.
1055 2995 1110 3057 51.
1133 2993 1225 3057 codi-

253 3132 308 3180 ces
324 3110 475 3178 Bekkero
496 3111 656 3177 dederunt
675 3110 820 3206 Δέρκυλου
827 3166 840 3198 ,
863 3111 1012 3204 Δερκύλου
1019 3164 1032 3196 ,
1056 3120 1089 3173 at
1105 3109 1225 3193 sprevit

252 3224 372 3291 bonam
399 3220 573 3287 lectionem
603 3244 705 3308 quam
734 3220 869 3289 abiectis
898 3221 1050 3285 codicum
1078 3217 1227 3283 sordibus

253 3332 378 3399 dudum
397 3340 564 3417 receptam
578 3332 734 3417 oportuit.
764 3332 916 3395 Nostrum
933 3330 1065 3405 Μικύλος
1078 3328 1227 3413 dactylus

253 3455 300 3511 est
321 3442 412 3530 apud
434 3440 681 3507 Callimachum.
713 3440 909 3504 Fefellerunt
931 3440 1077 3503 librarios
1104 3448 1135 3500 et
1161 3433 1225 3501 cri·

252 3553 335 3621 ticos
351 3548 559 3644 ὑποκοροςικοί,
579 3570 667 3634 quae
684 3548 781 3635 longe
796 3548 955 3613 diversam
973 3549 1155 3633 analogiam
1166 3561 1224 3609 'se-

164 3744 170 3751 '
253 3671 417 3749 quantur,
442 3658 553 3753 qualia
571 3667 645 3720 sunt
665 3655 823 3731 Βάθυλλος
832 3710 845 3743 ,
868 3654 1056 3749 ’Δρίςυλλος“,
1079 3654 1222 3746 Δίυλλος,

220 3793 227 3813 s
251 3770 415 3857 Ξένυλλος,
437 3788 524 3856 quae
545 3767 721 3832 blanditiae
746 3777 820 3830 sunt
841 3787 903 3853 pro
927 3766 1109 3853 Βαθυκλῆς,
1138 3766 1219 3859 ’Δρο-

253 3878 383 3967 centn,
406 3876 548 3964 Διοκλῆς,
570 3873 732 3962 Ξενοκλῆς,
754 3877 866 3961 itaque
889 3875 1032 3966 Ἑρμύλος
1052 3875 1221 3962 manifesto

251 3988 400 4058 vitiosum
422 3999 469 4053 est
490 4008 551 4073 pro
573 3984 751 4077 Ἕρρυλλος.
776 3985 818 4048 ab
838 3986 887 4049 his
903 3986 1137 4057 fiuntnomina'
1153 4006 1223 4049 mu·

251 4096 365 4167 liebria
398 4100 433 4165 in
460 4096 612 4185 v-ss-stta,
645 4094 820 4189 Κρίτυλλα,
853 4094 982 4161 Ξένυλλοο
990 4148 1006 4184 ,
1038 4092 1218 4186 ’Δριὲυλλοιε
