3100 4942
675 553 790 640 ‘51

258 785 393 850 miserit
433 790 588 850 earmina
629 785 830 852 Anacreon:
863 785 1150 854 Schneidewinus:
1194 793 1234 852 ιἰι

207 913 209 917 ·
252 917 381 978 pompa
408 896 567 958 incedens
589 896 707 958 mullis
739 893 950 977 circumfusa
971 899 1113 980 puellis.
1144 897 1233 962 Haec

256 1001 338 1064 adeo
362 1006 592 1088 exquisitiora
623 1005 841 1088 appellantur.
866 1003 1151 1087 Exquisitissimum
1174 1007 1231 1094 igi·

256 1119 309 1172 lur
329 1121 374 1174 est
396 1133 439 1172 vs.
465 1113 496 1174 2.
520 1113 654 1176 ἔπλευσεν
672 1111 707 1176 δὲ
738 1111 828 1176 κακὸν
853 1109 903 1174 καί
930 1114 1100 1179 ἀπειθέα
1129 1122 1226 1208 χῶρον

258 1226 289 1278 et
311 1239 354 1278 vs.
375 1219 407 1280 5.
430 1218 514 1304 λίμνη
536 1219 567 1284 δ’
597 1218 643 1284 ἐπὶ
666 1217 775 1308 μακρὸν
802 1220 889 1284 ἀϋτεῖ
907 1217 1016 1307 Ῥεῦμα
1044 1222 1107 1288 διὲκ
1129 1230 1227 1312 μεγά-

253 1321 313 1388 λων
334 1325 498 1416 ῥυομένη
520 1325 667 1392 δονάκων.
694 1327 847 1391 Recurrit
862 1327 948 1389 istud
968 1327 1093 1419 ῥύεσθαι
1111 1353 1157 1395 vs.
1172 1335 1225 1400 77.

255 1431 319 1524 περὶ
361 1439 460 1501 πάντα
498 1437 629 1508 Φιλητάν
662 1437 797 1522 Ῥήματα
826 1432 875 1498 καὶ
913 1446 1014 1502 πάσαν
1047 1439 1226 1531 ῥυόμενον

255 1540 366 1616 λαλιήν.
388 1567 456 1630 quo
478 1547 551 1608 loco
571 1546 650 1608 nihil
674 1544 763 1608 aliud
785 1545 845 1605 fert
864 1550 1020 1610 sententie
1040 1572 1141 1633 quam
1158 1551 1228 1617 δια·

254 1653 389 1742 τριβοντα
399 1708 412 1740 ,
434 1654 653 1732 σπουδάζοντα.
688 1651 730 1714 'At
748 1670 834 1734 quae
856 1661 902 1714 est
922 1651 982 1720 ista
1001 1654 1102 1720 libido
1121 1679 1162 1722 ac
1180 1671 1228 1724 ιο.

253 1763 380 1827 meritas
411 1760 577 1826 novandi?
612 1758 739 1823 Humile
765 1757 852 1820 istud
881 1779 920 1821 ae
942 1761 1106 1844 plebeium
1128 1767 1233 1840 λαλιήν

255 1870 370 1934 frustra
405 1871 549 1934 defendit
583 1867 818 1942 Ruhnkenius‚
860 1889 936 1930 nam
968 1892 1034 1936 non
1067 1875 1228 1960 signifieat

255 1981 428 2064 ςωμυλίαν,
452 1990 487 2042 ut
514 1980 567 2041 iile
596 1986 707 2062 putet,
739 1975 794 2038 sed
821 1975 984 2063 γλῶσσαν,
1013 1977 1171 2048 διάλεκτον
1201 1997 1232 2050 et

255 2089 426 2172 respicitur
457 2087 578 2172 grande
611 2105 695 2170 opus
721 2083 883 2159 Philotae,
920 2105 989 2169 quo
1022 2091 1232 2176 antiquorum

257 2194 428 2258 Poetarum
450 2197 585 2284 γλώσσας
601 2195 813 2280 explicuerat.
831 2191 989 2258 Comicus
1006 2197 1098 2282 apud
1108 2198 1227 2268 Athen.

255 2305 311 2368 IX.
335 2331 369 2392 p.
388 2304 462 2368 383.

709 2410 807 2499 ἔλεγεν
830 2409 910 2479 ἄλλοι
932 2410 1051 2502 ῥήματα

344 2523 471 2609 τοιαῦθ’,
494 2523 515 2586 ἃ
538 2523 581 2609 μά
604 2523 655 2590 τλν
678 2529 733 2606 γῆν
762 2517 831 2585 οὐδὲ
859 2519 896 2595 εἷς
918 2527 1037 2589 ἤκουσεν
1057 2529 1107 2588 ἄν.

278 2633 473 2720 μίςυλλα,
496 2633 656 2725 μοίρας,
688 2629 871 2716 δίπτυχ’,
904 2631 1085 2720 ὀβελοὺς,
1109 2641 1169 2711 ὄις-ε
1191 2663 1229 2726 με

341 2751 398 2809 τῶν
420 2750 471 2808 τοῦ
492 2743 607 2812 Φιλητοί
629 2737 823 2826 λαμβάνοντα
842 2735 962 2824 βιβλίων

343 2855 459 2916 σκοπεῖν
480 2856 585 2924 ἕκαςον
607 2851 638 2915 τί
657 2847 781 2913 δύναται
806 2853 864 2911 τῶν
887 2846 1042 2938 ῥημάτων.

253 2958 374 3022 Deinde
397 2959 476 3021 nihil
499 2968 545 3021 est
568 2956 751 3042 perplexius
773 2954 839 3016 istis
855 2975 899 3017 vs.
921 2956 965 3018 25
986 2978 1036 3041 sq.

388 3103 431 3112 ...
453 3071 554 3140 πάσας
576 3063 610 3128 δὲ
631 3063 724 3150 λόγων
747 3062 942 3151 ἀνεγράψατο
965 3061 1087 3150 βίβλους

343 3178 437 3261 ὕμνων
459 3171 491 3236 ἐκ
510 3172 627 3261 πρώτης
648 3165 753 3241 παιδὸς
776 3169 999 3260 ἀνερχόμενος·

254 3281 341 3360 Quid
372 3292 417 3344 est
444 3301 488 3343 vs.
512 3277 557 3342 28
577 3279 615 3352 εἷς
642 3277 759 3348 Ἰθάκην
782 3277 939 3342 άνιτείνιτο
961 3275 1116 3369 Ὀμηροςί
1149 3301 1227 3344 σοπ-

253 3392 363 3452 tendit
386 3393 425 3453 ιἰι
453 3389 628 3462 Ithacam,
658 3387 866 3470 respondent.
908 3385 951 3448 At
973 3387 1047 3471 quie
1072 3385 1152 3449 ierat
1181 3388 1227 3450 ile

254 3497 461 3582 loquentem?
485 3496 567 3581 quid
592 3517 636 3559 vs.
664 3495 709 3558 32
729 3494 834 3560 πολλὸν
856 3492 908 3560 ἀπ’
932 3493 1041 3584 εὐρείης
1063 3492 1226 3580 λειπόμενος

254 3603 417 3697 πατρίδος.ρ
440 3586 542 3669 debet*
555 3625 621 3667 esse
642 3614 810 3680 remotus,
834 3604 891 3668 sed
915 3623 985 3688 quo
1008 3602 1077 3666 iure
1102 3602 1161 3688 qui
1190 3603 1225 3666 in

252 3714 327 3778 loeo
344 3717 459 3799 procul
478 3735 497 3778 a
516 3715 619 3800 patria
640 3714 749 3777 dissito
766 3714 842 3776 vivit
865 3712 929 3774 diei
947 3712 1054 3797 potuit
1072 3710 1226 3778 λείπεσθαι

255 3823 314 3888 ἀπὸ
331 3833 381 3899 τῆς
402 3820 564 3914 πατρίδοςὶ)
586 3821 754 3904 Decepisse
766 3841 840 3883 eum
852 3817 1001 3882 videniur
1014 3819 1096 3892 loci,
1117 3820 1224 3905 qualis

252 3940 298 3993 est
317 3931 504 3994 Homericus
527 3931 566 3993 ΙΙ.
584 3928 615 3990 Ι.
628 3927 695 3992 444
709 3949 758 4013 sq.
785 3927 936 3992 Similiter
955 3925 1032 3989 alibi
1050 3927 1147 4012 plura
1165 3947 1224 3990 oe·

252 4051 390 4104 currunt
413 4050 478 4104 lam
496 4038 642 4104 inaudita
657 4053 758 4124 quem
776 4036 904 4113 illicite,
926 4036 1024 4102 veluti
1046 4056 1093 4102 νο.
1113 4035 1157 4100 35
1173 4055 1225 4122 eq.
