3100 4942
700 569 750 642 25

235 801 348 865 tamen
381 801 567 888 utcumque
599 795 769 888 corruptis
809 801 843 864 et
877 803 1002 866 temere
1030 797 1190 866 correctis

239 921 309 984 tota
338 915 473 1008 linguae
501 924 535 984 et
563 917 770 1008 antiquitatis
795 917 931 985 scientia
958 925 1191 1010 superstructa
1273 986 1276 991 .

240 1043 306 1104 est:
332 1033 422 1104 unde
447 1035 589 1128 intelligi
614 1037 712 1105 facile
736 1044 848 1129 potest
874 1046 1020 1130 quantae
1045 1039 1192 1132 ineptiae

212 1243 214 1248 Ι
240 1155 276 1224 in
296 1153 555 1222 Grammaticam
581 1165 685 1224 artem
708 1155 876 1249 primurn,
900 1155 1020 1224 deinde
1043 1158 1078 1225 in
1108 1159 1192 1227 His·

237 1273 357 1342 toriam
388 1279 422 1341 et
446 1272 672 1366 Antiquitates
696 1297 715 1344 e
739 1273 921 1367 depravata
946 1276 1114 1368 scriptura
1139 1278 1192 1345 in-

239 1401 351 1463 vectae
371 1393 447 1462 sint.
484 1393 677 1464 indubitata
699 1403 733 1464 et
753 1404 843 1476 certa
865 1417 937 1463 esse
958 1401 1193 1491 quaecumque

240 1513 365 1584 alicubi
402 1514 801 1609 legerenturputanteS,
834 1512 918 1581 nibil
946 1515 981 1582 in
1011 1515 1192 1588 verborum

239 1637 366 1726 forma,
393 1655 512 1725 sensu,
539 1636 782 1730 compositione
798 1619 880 1703 'tarn
913 1633 1052 1704 lirinum
1076 1638 1193 1708 crede-

238 1747 339 1844 baut,
366 1755 465 1848 quin,
501 1756 528 1824 si
557 1778 647 1824 unus
672 1763 706 1824 et
730 1755 816 1823 alter
840 1753 936 1824 locus
962 1754 1120 1855 alicunde
1143 1757 1194 1826 af-

238 1875 399 1966 ferretur,
433 1900 511 1951 cum
549 1876 779 1945 diversissimis
808 1875 939 1944 misceri
964 1875 1196 1970 confundique
1228 1962 1230 1966 ι

239 2017 337 2091 posse
370 1996 405 2063 in
441 1995 591 2064 animum
627 1993 827 2071 inducerent
856 2002 890 2062 et
920 1997 1195 2068 annotationibus

240 2111 411 2207 perlongis
431 2124 465 2184 et
484 2113 652 2208 perductis
672 2111 874 2180 evincerent.
909 2111 1082 2185 Errantem
1106 2118 1194 2187 mul·
1251 2133 1254 2148 '

215 2234 434 2323 titudinem,
461 2255 548 2325 quae
573 2253 706 2322 semper
729 2229 863 2298 inanem
884 2231 1118 2303 auctoritatem
1142 2258 1195 2306 se·

238 2357 299 2450 qui
329 2379 432 2448 quam
463 2351 643 2422 dubitandi
674 2348 906 2419 salubritatem
932 2350 1092 2422 adhibere
1123 2377 1195 2424 ma-

236 2475 317 2563 luit,
336 2477 401 2544 iam
417 2475 496 2544 olim
515 2471 557 2541 ad
574 2471 743 2541 meliorem
755 2480 900 2539 mentem
912 2495 1070 2542 revocare
1085 2477 1195 2544 conati

239 2605 320 2665 sunt
345 2595 409 2662 viri
433 2594 573 2686 egregii,
607 2615 755 2685 quorum
787 2591 945 2685 princeps
969 2593 1004 2661 in
1028 2591 1093 2662 hac
1123 2596 1195 2687 ipsa

142 2792 144 2796 ‚
232 2714 441 2802 Academia,
490 2712 659 2806 Josephus
712 2709 886 2802 Scaliger,
932 2710 1066 2782 videtur
1111 2715 1195 2783 mihi

238 2857 344 2929 paene
370 2832 508 2926 perlecti
542 2833 649 2902 critici
678 2831 856 2923 imaginem
882 2831 1017 2902 referre.
1066 2836 1193 2930 Nempe

240 2954 276 3024 hi
300 2976 414 3022 sanam
441 2953 603 3022 rationem
632 2951 755 3038 secuti,
789 2951 1069 3042 comparatasibi
1092 2978 1193 3024 accu-

239 3069 310 3148 rata
328 3077 464 3169 linguae
480 3077 634 3164 scientia,
656 3074 828 3168 explorata
845 3072 1057 3164 singulorum
1075 3085 1193 3144 aucto-

236 3201 334 3270 ritate
368 3206 612 3290 perspectoque
644 3195 780 3288 penitus
817 3191 984 3284 cuiusque
1017 3195 1191 3288 scriptoris

235 3317 369 3411 iugenio
395 3324 429 3386 et
455 3313 714 3402 consuetudine,
750 3310 886 3380 fraudes
913 3309 1129 3383 librariorum
1159 3325 1193 3386 et

238 3436 448 3530 corruptelas
491 3433 673 3504 manibstis
711 3431 843 3502 indiciis
876 3430 1193 3527 deprehendebant,

237 3583 325 3654 quae
357 3560 471 3652 spuria
507 3567 540 3628 et
569 3557 743 3650 supposita
779 3563 888 3625 essent
926 3555 1026 3625 certis
1057 3557 1144 3624 notis
1174 3581 1194 3627 a

236 3680 390 3774 genuinis
418 3675 669 3760 discernebant,
702 3676 809 3768 aegris
841 3700 880 3744 ac
905 3675 1094 3769 depravatis
1123 3677 1192 3747 sive
1244 3724 1245 3729 κ

236 3823 277 3870 ex
303 3798 450 3893 antiquis
473 3797 677 3868 membranis
702 3797 770 3865 sire
794 3819 835 3864 ex
861 3795 994 3887 ingenio
1017 3796 1193 3889 pristinam

235 3920 378 3990 formam
409 3917 637 3987 restituebant.
689 3915 821 3985 Horum
852 3914 1046 4008 exemplum
1076 3915 1193 4008 ingens

234 4040 414 4112 doctorum
440 4039 616 4111 hominum
642 4060 805 4110 numerus
829 4036 919 4106 omni
945 4046 1097 4130 tempore
1121 4038 1193 4106 imi-
