3100 4942
837 539 884 611 50

374 757 614 828 stantissimum
649 781 830 852 quemque.
880 761 986 849 Quasi
1018 786 1096 833 vero
1126 763 1204 836 inde
1228 789 1333 860 quos·

375 877 459 948 libet
481 901 610 949 errores
633 879 669 950 in
693 879 882 974 quemlibet
912 880 1032 952 cadere
1056 906 1154 978 posse
1179 907 1333 980 sequere·

376 995 448 1066 tur!
491 995 616 1070 Eorum
644 1001 756 1071 valere
785 999 885 1071 debet
909 1003 943 1071 in
974 1002 1027 1072 his
1052 1009 1170 1076 seusus
1194 1016 1230 1076 et
1248 1008 1334 1078 iudi·

376 1119 485 1209 cium,
510 1121 570 1214 qui
588 1132 711 1193 natura
731 1131 765 1192 ct
783 1121 899 1192 indole
916 1130 950 1192 et
969 1122 1069 1218 longa
1088 1127 1332 1207 consuetudine

377 1239 435 1328 iis,
460 1264 547 1333 quos
566 1244 833 1337 interpretantur
859 1252 893 1312 et
917 1244 1118 1336 emendant,
1143 1247 1223 1316 sacti
1252 1258 1331 1319 sunt

375 1360 561 1431 similiores.
611 1363 686 1433 Non
721 1363 873 1433 omnium
903 1364 1005 1433 animi
1039 1390 1159 1461 capere
1189 1377 1333 1462 possunt

373 1501 586 1552 summorum
626 1485 776 1555 virorum
812 1493 863 1555 et·
884 1486 1082 1579 capitalium
1119 1487 1331 1579 ingeniorum

375 1605 613 1696 praestantiam
641 1615 743 1698 atque
771 1605 827 1676 hic
857 1615 908 1676 est
932 1630 1022 1677 unus
1048 1608 1199 1677 omnium
1223 1631 1333 1701 prae·-
1395 1665 1399 1671 .

373 1723 579 1794 clarissimus
601 1725 791 1810 Literarum
810 1727 960 1818 fructus,
986 1737 1026 1799 ut
1046 1729 1207 1821 amagnis
1232 1730 1330 1819 viris,

336 1918 338 1922 f
374 1844 580 1937 quibuscum
607 1844 677 1916 diu.
693 1871 759 1915 una
785 1846 922 1935 vixeris,
949 1847 1062 1916 trahas
1088 1847 1232 1940 aliquid,
1258 1871 1329 1941 quo

373 1966 506 2034 animus
527 1964 569 2034 ad
597 1963 737 2034 eandem
762 1963 975 2035 altitudinem
1000 1974 1034 2035 et
1059 1966 1197 2060 spiritus
1227 1968 1331 2062 eriga-

371 2092 440 2154 tur.
471 2083 616 2153 Fructus
635 2081 694 2152 ille
713 2107 755 2152 ne
773 2082 1020 2152 nonnullorum
1041 2082 1151 2154 abusu
1170 2088 1330 2179 cuiquam

371 2205 511 2275 illorum
525 2209 660 2300 pereat,
687 2201 794 2294 quiin
811 2201 875 2271 hac
901 2203 967 2273 vita
986 2227 1053 2273 non
1066 2228 1225 2276 nummos
1253 2216 1330 2278 ante

373 2327 504 2416 omnia,
532 2348 602 2394 non
626 2323 790 2411 honores,
817 2347 885 2392 non
907 2322 1030 2416 gaudia
1055 2336 1243 2417 quaerunt,
1269 2326 1329 2398 sed

374 2445 472 2516 cultu
510 2444 633 2538 ingenii
673 2442 716 2512 ad
750 2467 863 2516 veram
898 2444 1056 2513 virtutem
1102 2453 1137 2514 et
1176 2445 1329 2517 humani·

372 2575 475 2637 tatem
501 2567 693 2654 enituntur,
722 2566 813 2634 omni
840 2588 904 2659 ope
928 2573 963 2635 et
993 2567 1106 2636 studio
1131 2567 1328 2637 cavendnm

371 2688 455 2758 Nam
485 2685 772 2780 quemadmodum
802 2687 1054 2782 unusquisque,
1087 2689 1142 2758 cui
1170 2689 1233 2757 viri
1265 2689 1329 2758 ali·

371 2807 469 2880 cuius
510 2805 672 2900 praeclari
715 2805 795 2876 felix
835 2806 1007 2898 ingenium
1046 2808 1256 2901 virtutesque
1289 2833 1329 2879 ac

371 2931 489 3000 merita
510 2929 545 2998 in
563 2925 779 3021 quotidianae
796 2928 883 2997 vitae
900 2950 964 2997 usu
982 2952 1001 2997 e
1019 2929 1213 3021 propinquo
1235 2951 1328 3024 spec-

369 3059 442 3121 tare
466 3058 499 3120 et
523 3073 724 3143 cognoscere
745 3048 902 3141 contigit,
928 3047 1098 3118 meliorem
1122 3070 1158 3118 se
1177 3048 1328 3141 quotidie

373 3172 473 3240 sentit
497 3170 569 3240 lieri
596 3180 630 3240 et
652 3171 848 3259 cultiorem,
874 3170 922 3238 sic
946 3171 1005 3262 qui
1027 3193 1106 3238 curn
1128 3168 1325 3260 praeclaris·

374 3290 458 3358 simo
473 3310 611 3382 quoque
627 3289 804 3376 Veterum,
820 3310 968 3381 quorum
980 3289 1208 3357 monumentis
1219 3287 1323 3381 hano,

371 3430 441 3503 qua
470 3409 635 3498 fruimur,
668 3407 913 3477 humanitatem
942 3405 1117 3477 fundatam
1149 3409 1330 3504 nixamque

372 3551 442 3600 esse
468 3537 616 3619 coristat,
646 3553 719 3598 eam
747 3553 850 3622 quam
873 3527 1019 3598 diximus
1042 3530 1195 3598 notitiam
1218 3537 1253 3600 et
1277 3531 1328 3600 la·

371 3650 598 3719 miliaritatcm
621 3650 842 3739 contraxerit,
869 3650 896 3718 si
921 3649 1005 3742 quid
1031 3659 1117 3719 esset
1145 3652 1181 3718 in
1202 3673 1236 3719 sc
1256 3662 1344 3719 sor-⁴

376 3767 492 3837 didum
528 3768 581 3838 vel
619 3767 787 3838 abiectum
823 3768 988 3863 paulatim
1023 3769 1123 3839 sentit
1161 3769 1325 3864 abstergi,

375 3887 488 3980 alique
510 3895 544 3958 et
568 3887 759 3957 confirmari
785 3912 955 3959 unacum
987 3913 1122 3959 morum
1145 3898 1180 3960 et
1203 3891 1327 3984 ingenii

371 4009 537 4104 elegantia
573 4007 745 4080 ardentem
777 4033 857 4082 eum
894 4008 1041 4080 veritatis
1079 4018 1113 4082 et
1150 4011 1328 4104 aequitatis
