3100 4942
737 577 784 649 19

271 799 412 870 fortasse
434 797 628 893 reperienda
654 823 758 892 quam
790 801 876 870 veris
901 809 935 870 et
961 802 1071 871 certis·
1090 801 1174 871 falsa
1194 809 1229 871 et

271 924 384 1017 inepta
410 921 582 992 miscendo
611 923 878 1011 committamus,
905 928 944 991 ut
968 923 1080 992 omnia
1101 923 1229 1018 pariter

273 1043 359 1114 levia
382 1065 421 1112 ac
447 1040 525 1110 vilia
549 1039 643 1110 fiant.

321 1159 420 1232 Alius
448 1167 499 1230 est
525 1159 826 1253 interpretantibus
849 1160 1013 1254 scopulus
1034 1163 1223 1239 multorum

273 1281 457 1374 naufragiis
482 1280 632 1371 infamis,
659 1281 714 1351 cui
738 1305 782 1350 ue
805 1280 1034 1375 impingamur
1054 1306 1094 1353 co
1121 1290 1226 1382 magis

271 1403 461 1475 carendum
496 1412 568 1495 est,
600 1403 687 1497 ‚quia
722 1401 866 1497 placidis
901 1400 1006 1473 latere
1040 1404 1126 1476 solet
1159 1411 1225 1480 sub

271 1525 383 1618 aquis:
407 1549 464 1596 eos
497 1526 589 1595 locos
614 1524 706 1613 dico,
733 1524 793 1617 qui
819 1522 925 1615 ipsius
950 1525 1122 1618 scriptoris
1147 1531 1227 1603 vitio

272 1655 362 1716 recte
384 1647 528 1740 intelligi
549 1654 584 1716 et
604 1644 765 1739 explicari
786 1667 856 1713 non
878 1653 1031 1738 possunt.

320 1765 453 1837 Accidit
474 1766 540 1837 hoc
562 1789 638 1836 raro
663 1765 698 1834 in
718 1764 884 1856 antiquis,
909 1766 1034 1859 passim
1056 1767 1092 1836 in
1114 1791 1227 1841 recen·

271 1885 418 1956 tioribus
452 1885 648 1976 Graeculis,
690 1894 729 1955 ut
766 1883 848 1953 dum
886 1885 1029 1955 nimium
1067 1890 1228 1960 orationis

273 2004 446 2098 splendori
473 2017 509 2076 et
530 2004 796 2099 magnificentiae
818 2001 990 2094 tribuant,
1015 2004 1058 2076 de
1087 2017 1228 2080 senten-

271 2126 316 2194 tia
343 2125 455 2193 minus
476 2123 633 2193 laborent
658 2147 703 2208 ac,
724 2121 825 2192 verba
849 2147 1029 2194 numerosa
1049 2133 1084 2196 et
1106 2128 1229 2198 modu·

270 2246 338 2317 lata
367 2243 546 2316 fundentes
570 2265 692 2337 parum
722 2251 781 2310 aut
805 2239 891 2310 nihil
917 2241 961 2311 ab
989 2245 1102 2315 avium
1123 2256 1228 2319 cantu

269 2365 439 2436 differant.
478 2360 613 2432 Habent
635 2360 700 2430 hoc
723 2360 835 2468 Lyrici
860 2364 981 2455 poetae
1001 2363 1171 2436 interdurn
1194 2377 1229 2438 et

270 2485 402 2579 Tragici
431 2485 467 2552 in
497 2475 625 2550 melicis
650 2478 834 2549 chororum
864 2481 1088 2573 carminibus,
1124 2494 1163 2555 ut
1190 2488 1226 2557 in

269 2613 363 2676 tanto
389 2605 504 2675 furore
525 2606 560 2670 et
583 2606 678 2669 aestu
701 2598 837 2693 poetico
862 2598 902 2667 iis
923 2599 1057 2670 excidat
1083 2603 1227 2676 subinde

269 2723 416 2818 aliquid,
442 2721 536 2815 quod
561 2743 655 2792 mens
677 2718 791 2789 sedata
815 2726 849 2788 et
873 2724 1058 2816 composita
1077 2738 1224 2820 nequeat

268 2846 469 2942 perspicere.
520 2841 635 2936 Longe
661 2840 792 2911 diversa
815 2848 866 2910 est
892 2841 1139 2915 Graeculorum
1164 2871 1225 2918 re·

267 2967 457 3037 centiorum
490 2965 594 3053 ratio,
632 2962 694 3054 qui
727 2960 851 3054 ingenii
885 2962 1034 3055 inopiam
1058 2972 1092 3034 et
1117 2965 1225 3060 frigus

270 3085 445 3157 vocabulis
470 3085 600 3155 sonoris
623 3090 658 3154 et
683 3105 782 3152 aures
806 3079 1026 3174 implentibus
1056 3108 1224 3180 compen·

269 3229 342 3275 sare
368 3215 536 3275 conantur
559 3211 794 3275 connectentes
819 3203 905 3270 inter
931 3223 967 3270 se
991 3204 1221 3296 antiquiorum

258 3325 407 3414 ‚lacinias
435 3332 469 3395 et
495 3324 614 3394 veteris
640 3322 775 3415 linguae
804 3320 979 3414 reliquias,
1006 3326 1115 3395 anima
1140 3349 1222 3397 sen,

198 3461 201 3470 '
267 3467 376 3538 suque
394 3453 562 3534 carentes,
579 3444 693 3512 inanes
711 3441 837 3534 species
857 3440 926 3508 sine
941 3441 1101 3533 pondere.
1129 3445 1221 3519 Haec

268 3565 329 3659 qui
349 3587 472 3658 magno
498 3566 575 3635 nisu
600 3571 634 3634 et
658 3560 857 3633 cruditionis
882 3562 996 3655 copias
1020 3563 1220 3658 explicando

266 3688 370 3758 severi
395 3710 435 3757 ac
459 3688 570 3787 tristes
595 3691 754 3756 enarrant
780 3680 913 3753 videant
937 3708 979 3754 ne
1001 3684 1126 3756 similes
1153 3690 1221 3758 sint

264 3809 324 3898 iis,
349 3808 464 3901 quiin
488 3810 665 3904 strepitosa
688 3806 946 3898 compotationis
967 3805 1134 3886 hilaritate
1154 3808 1219 3878 soli

267 3953 337 3999 non
358 3927 566 3999 incalescunt
585 3935 619 3999 et
636 3951 675 3998 ex
690 3925 817 3997 facetiis
834 3948 873 3994 ec
886 3925 967 3995 iocis
986 3927 1218 4020 nescioquem

268 4047 464 4120 abstrusum
479 4056 513 4122 et
525 4047 737 4122 reconditum
749 4070 885 4121 sensum
906 4047 1131 4144 expiscantur.
1160 4048 1217 4120 Sa·
1288 4109 1290 4113 ,
