3100 4942
737 581 791 698 495
849 665 854 678 ,

268 796 309 868 de
332 817 461 881 umore,
495 826 591 893 quem
612 808 708 870 etiam
726 804 917 892 philosophi
938 806 1248 884 senserim-dicere

268 921 409 1000 potitam.
435 917 472 978 ln
496 927 614 1000 quarto
637 936 747 982 versu,
784 915 809 975 si
830 914 1015 977 Hermanno
1038 916 1161 993 eredis,
1191 921 1242 982 ni·

266 1021 310 1086 hil
333 1034 378 1087 est
403 1025 494 1110 quod
519 1005 719 1109 quemqnam
743 1021 860 1083 morari
884 1023 996 1107 possit.
1027 1025 1244 1091 Ruhnkenius

263 1132 350 1208 κῦδος
405 1141 587 1195 correxerat
640 1138 830 1212 comparato
878 1149 971 1192 versu
1021 1130 1240 1218 Theognidis:

264 1239 387 1316 κυὸίςην
421 1241 525 1333 ἀρετὴν
560 1243 620 1312 τοῖς
646 1239 782 1311 συνιεῖσα
805 1241 879 1323 ἔχει.
921 1259 1019 1321 quem
1052 1238 1177 1304 duriter
1209 1253 1241 1306 et

263 1351 375 1434 inique
405 1350 576 1440 increpans
612 1344 829 1406 Hermannus:
866 1343 944 1405 »tto
974 1367 1105 1431 quoque
1137 1349 1241 1412 verba

263 1456 324 1518 ille
346 1456 559 1540 comparavit
587 1451 627 1512 de
655 1458 763 1511 mente
796 1451 1006 1536 consilioque
1033 1457 1240 1539 sert'plorum

265 1565 445 1638 securus,''
481 1558 600 1646 quibus
632 1557 730 1642 igitur
765 1557 906 1639 primum
940 1567 1034 1620 acute
1064 1564 1241 1646 perspectis

262 1672 463 1736 Hermannus
486 1666 643 1752 comperit
665 1685 790 1726 sensum
823 1683 891 1726 esse
912 1662 1018 1727 bunc:
1052 1688 1172 1730 euram
1200 1672 1240 1733 in

263 1780 404 1843 diceudo
431 1800 530 1841 suam
548 1795 682 1862 ponens
709 1796 902 1861 exsangues
929 1774 1078 1838 reddidit
1104 1778 1238 1863 sophis·

265 1873 322 1952 tas
347 1890 469 1975 gravis
494 1890 617 1950 virtus.
650 1886 753 1947 Paene
779 1905 968 1948 succenseas
997 1887 1066 1949 viro
1090 1886 1236 1948 acutissi-

260 2019 330 2071 mo,
365 1999 421 2082 qui
452 2005 515 2057 tam
541 1994 619 2056 levia
644 1995 711 2076 ipse
733 1994 906 2076 proiiciens
930 1993 1067 2056 subinde
1095 1993 1237 2058 Valcke-

262 2104 403 2177 noerius,
441 2098 676 2173 Rnbnkenios‚
708 2098 867 2160 Porsonos
897 2099 1040 2162 cavillari
1078 2100 1176 2163 audet
1206 2110 1238 2163 et

262 2211 392 2287 rodere,
418 2228 501 2295 quos
523 2225 574 2268 me
601 2204 673 2266 dius
694 2202 791 2266 fidius

439 2312 615 2402 μωμήσεταί
633 2335 675 2383 τις
698 2309 812 2397 μᾶλλον
834 2311 852 2382 ἢ
876 2319 1046 2401 μιμήσεται.

261 2445 368 2508 neque
401 2422 517 2486 borum
552 2423 724 2506 quisquam
759 2443 914 2506 nmquam
953 2424 987 2486 in
1020 2425 1161 2486 animum
1191 2424 1237 2486 in-

261 2532 399 2596 duxisset
420 2533 523 2617 μύθων
548 2528 637 2604 κῆδος
660 2533 736 2616 ἔχειν
759 2532 808 2593 vel
831 2531 921 2615 apud
944 2532 1236 2595 Hermesiauaetem

261 2662 325 2704 esse
353 2661 443 2724 posse
468 2661 586 2718 curam
608 2641 646 2698 in
668 2637 809 2699 diceudo
831 2659 981 2722 ponere,
1014 2651 1071 2703 aut
1090 2640 1233 2730 τρύεσὲαι

259 2748 324 2843 περὶ
349 2760 449 2814 πᾶσαν
475 2733 583 2817 labris
607 2745 766 2808 Graecum
799 2766 884 2819 esse,
917 2759 973 2811 aut
1008 2750 1233 2838 ἀποτρέπεσθαι

259 2881 325 2923 esse
349 2859 575 2944 propulsare,
612 2864 667 2916 aut
697 2854 868 2940 Φθανόμενοι
896 2855 1039 2923 derviud’
1065 2855 1158 2929 ἦλθον
1184 2858 1232 2952 ὑφ’

258 2967 390 3051 ἡνίοχον,
425 2963 517 3048 quod
541 2961 715 3023 barbarum
747 2971 793 3021 est
817 2971 849 3023 et
871 2984 995 3026 versum
1024 2968 1230 3051 pessumdat,

255 3082 371 3162 potitae
394 3071 584 3144 obtrudere,
619 3079 673 3131 aut
704 3069 941 3158 ἀποτασσόμενον
968 3084 1090 3138 vertere
1111 3076 1232 3140 distri·

257 3185 425 3255 luentem,
459 3198 545 3262 quae
568 3176 674 3238 omnia
699 3175 902 3241 Hermannns
927 3180 1041 3244 eadem
1061 3203 1137 3268 pag.
1167 3182 1234 3247 250

255 3290 457 3354 confidenter
479 3283 627 3344 affirmat.
660 3281 796 3343 Dabitur
824 3304 901 3369 ergo
925 3287 1004 3349 mibi
1037 3287 1120 3363 boc,
1151 3289 1232 3354 nihil

165 3415 169 3420 '
255 3401 332 3463 dum
350 3398 416 3460 sani
436 3416 474 3456 ex
494 3393 559 3454 istis
578 3392 712 3453 extundi
733 3394 885 3475 potuisse.
913 3394 1001 3475 Quid
1017 3396 1144 3459 multa?
1167 3398 1230 3462 To·

255 3520 323 3572 tnui
345 3525 474 3570 carmen
499 3509 568 3562 atra
590 3498 762 3563 verborum
785 3511 817 3564 et
839 3504 1067 3566 sententiarum
1092 3505 1230 3592 ealigine

256 3616 435 3682 involutum
465 3617 509 3672 est
537 3627 598 3670 neo
627 3607 802 3700 quisquam
830 3628 897 3670 sese
926 3630 1083 3695 umquam
1112 3633 1152 3676 ex
1181 3614 1231 3678 bis

257 3723 376 3789 aculeis
409 3729 439 3782 ct
466 3717 590 3802 laqueis
615 3716 732 3798 poterit
756 3716 928 3802 expedire.
959 3718 1049 3780 Esto:
1073 3741 1148 3806 pars
1170 3723 1229 3785 eii·

255 3855 321 3920 qna
341 3831 458 3912 cnlpae
479 3835 523 3889 est
539 3821 581 3888 ‘in
600 3824 747 3888 librarios
769 3826 983 3901 conterenda,
1010 3829 1068 3912 qui
1090 3831 1230 3894 multum

256 3949 288 4002 et
307 3936 446 4023 graviter
467 3931 685 4017 peceaverunt
709 3931 741 3994 in
759 3933 883 4008 multis,
903 3954 1005 4017 quum
1028 3935 1229 4000 caecutirent

255 4047 289 4110 in
310 4043 476 4119 omnibus,
499 4043 615 4106 multos
633 4043 714 4108 adeo
729 4063 838 4108 versus
854 4043 900 4107 ita
920 4046 1227 4130 pessumdederunt,

1003 4150 1029 4222 4
