3100 4942
719 557 766 629 85

279 776 358 841 mihi
387 777 485 841 homo
515 780 667 841 lacunam
698 778 828 865 explere
857 778 1009 854 voluisse,
1043 794 1119 841 nam
1147 777 1258 863 prima

282 893 407 947 tantum
430 892 460 945 et
484 885 593 947 ultima
613 904 688 947 sana
713 906 779 948 esse
803 884 907 948 video.
943 882 1031 963 Quid
1053 885 1079 956 si
1102 887 1148 949 sic
1173 908 1251 974 sup·

280 992 425 1081 pleatur:
443 980 538 1065 ὀὗτος
568 990 659 1055 τοίνυν
688 990 744 1077 οὐχ
776 996 853 1066 ὅπως
882 991 1010 1081 ὠφελησε
1036 993 1087 1061 τὴν
1116 993 1196 1059 πολιν
1222 992 1252 1060 ἓν

283 1100 400 1188 τοιούτῳ
424 1106 517 1191 καιρῷ
539 1096 590 1161 καί
612 1099 722 1189 ἀπορίᾳ
746 1098 863 1185 τοιαύτη
890 1107 1068 1171 κοιταςάσαν
1093 1100 1175 1165 ἀλλὰ
1203 1102 1252 1166 καί

283 1204 438 1299 κερδαίνειν
468 1205 527 1271 ἀπὸ
553 1212 612 1271 τῶν
642 1203 786 1299 ὑμετέρων
814 1212 969 1297 συμφορῶν
994 1215 1250 1299 παρεσκευάσατο.

281 1314 387 1378 Facile
410 1336 498 1377 nuno
520 1313 690 1399 apparebit
711 1313 816 1390 labes,
842 1335 942 1398 quam
965 1314 1045 1376 alter
1067 1316 1158 1379 loeus
1176 1320 1256 1383 eius·

282 1422 356 1485 dem
385 1420 538 1485 orationis
567 1422 726 1483 contraxit
749 1445 783 1507 p.
812 1418 871 1484 189
892 1419 973 1505 (465
996 1421 1129 1509 Beleia).
1157 1427 1182 1490 εἷ
1203 1425 1256 1513 μέν

285 1556 327 1605 τις
353 1530 478 1623 φρούριόν
503 1554 530 1595 τι
555 1528 722 1619 προῦδωκεν
750 1530 768 1600 ἢ
797 1536 867 1595 ναῦν
888 1531 907 1600 ir
927 1530 1109 1623 ςρατόπεδον
1125 1571 1169 1580 -
1187 1539 1253 1611 ταῖς
1321 1573 1323 1575 -

284 1638 426 1724 ἐσχάταις
449 1638 485 1702 ἂν
513 1626 629 1727 ζημίαις
658 1637 830 1725 ἐζημιοῦτο,
861 1633 942 1713 οὗτος
970 1637 1005 1702 δὲ
1032 1637 1159 1727 προδοὺς
1185 1640 1254 1712 ὅλην

285 1750 336 1817 την
353 1746 432 1812 πολιν
452 1746 507 1833 οὐχ
525 1750 601 1822 ὅπως
622 1750 860 1839 τιμωρηθήσεται
875 1752 1143 1840 παρασκευάζεται.
1174 1748 1256 1811 Sen-

287 1856 367 1920 tisne
386 1856 512 1941 aliquid
529 1856 657 1919 deesse?
682 1858 822 1921 Excidit:
846 1856 950 1922 άλλά
972 1856 1035 1921 καί
1058 1856 1257 1942 βουλεύειν

285 1970 561 2055 παρασκευάζεται,
579 1974 634 2027 aut
653 1965 748 2031 aliud.
756 1965 839 2051 quid
854 1968 887 2029 in
905 1965 1041 2027 eandem
1056 1965 1256 2029 sententiam.

287 2074 442 2159 Sequitur
461 2094 554 2139 mox:
578 2075 671 2139 καίτοι
690 2074 811 2151 δικαίως
830 2075 859 2165 γ’
878 2076 914 2140 ἂν
934 2080 996 2148 ὄςις
1012 2080 1142 2166 φανερῶς
1159 2081 1257 2166 ὥσπερ

288 2176 366 2256 οὗτος
385 2180 538 2273 προῦδωκε
558 2185 608 2253 την
626 2181 797 2275 ἐλευθερίαν
814 2185 846 2251 οὐ
867 2184 930 2276 περί
949 2190 1000 2249 τοῦ
1019 2182 1161 2267 βουλεύων
1177 2184 1258 2249 ἀλλὰ

288 2288 353 2383 περί
368 2296 419 2356 τοῦ
436 2288 582 2357 δουλεύειν.
597 2292 647 2356 καί
665 2302 716 2368 τῆς
735 2296 855 2384 μεγίςης
871 2297 994 2387 ἀπορίας
1010 2292 1257 2380 ἐκκλησιάζεται,

287 2397 343 2461 ubi
366 2409 547 2474 corrector,
574 2400 666 2461 cuius
686 2401 839 2463 lectiones
858 2401 891 2463 in
911 2402 1026 2463 codice
1046 2402 1260 2465 Laurentiano

287 2516 424 2583 exstant,
445 2504 666 2584 ἐκκλησιάζοιτο
678 2507 855 2591 rescripsit,
874 2517 908 2569 ut
925 2508 1034 2569 saltem
1051 2510 1260 2592 grammatica

286 2615 369 2678 ratio
391 2625 562 2678 constaret.
606 2616 681 2677 Mihi
713 2636 823 2679 verum
854 2614 998 2677 videtur:
1034 2614 1141 2691 δίκαιός
1166 2616 1194 2705 γ’
1223 2618 1259 2682 ἂν

287 2719 321 2795 ἦν
341 2758 384 2769 -
404 2722 614 2809 ἀγωνίζεσθαι.
659 2723 796 2785 Locutio
827 2720 883 2807 οὐχ
908 2726 987 2795 ὅπως
1010 2759 1054 2769 -
1077 2722 1159 2787 ἀλλὰ
1185 2727 1256 2812 καί,

286 2852 352 2917 qua
372 2852 439 2894 non
460 2841 507 2895 est
536 2832 598 2894 alie
625 2830 715 2915 apud
741 2831 868 2913 Lysiam
894 2831 1112 2916 frequentior,
1142 2835 1260 2899 iterum

287 2939 329 3003 ab
350 2939 487 3002 librariis
514 2940 597 3001 male
620 2938 731 3002 habita
758 2947 804 3000 est
826 2940 859 3001 in
884 2940 1029 3002 oratione
1060 2943 1140 3005 κατὰ
1165 2943 1257 3007 Νικο-

289 3051 390 3136 μάχου
415 3071 449 3133 p.
477 3044 538 3110 186
559 3046 638 3131 (456
669 3045 789 3130 Bekk.)
821 3045 888 3110 ἀλλ’
918 3047 975 3135 οὐχ
1005 3053 1082 3125 ὅπως
1109 3050 1175 3140 ὑμῖν
1201 3060 1259 3118 τῶν

289 3156 378 3223 αὑτοῦ
398 3181 425 3221 τι
446 3152 589 3219 ἐπέδωκεν
615 3153 695 3219 ἀλλὰ
721 3163 779 3221 τῶν
806 3154 950 3246 ὑμετέρων
978 3157 1073 3224 πολλὰ
1094 3160 1257 3253 ὑφῄρηται,

287 3264 344 3329 ubi
372 3263 494 3327 Graece
519 3263 725 3327 scribendum
751 3274 811 3327 est:
841 3264 985 3333 ἐπέδωκα
1005 3268 1086 3333 ἀλλὰ
1114 3270 1164 3336 καί
1185 3280 1255 3338 τῶν.

286 3374 326 3439 Ιιι
348 3372 493 3437 oratione
515 3374 581 3439 κατ’
606 3372 771 3464 Ἀγοράτου
798 3375 932 3461 legitur:
962 3402 997 3463 p.
1021 3379 1083 3441 134
1103 3380 1182 3462 (325
1203 3379 1256 3464 Β.)

193 3498 199 3507 ’
289 3484 339 3552 δεῖ
358 3485 419 3574 γὰρ
442 3482 528 3549 αὑτὸν
551 3479 706 3559 ἀποδεῖξαι
730 3482 769 3555 ὡς
796 3482 828 3547 οὒ
854 3491 1033 3571 κατεμήνυσε
1061 3494 1120 3552 τῶν
1139 3485 1258 3580 ἀνδρῶν

288 3590 397 3660 τούτων
421 3589 484 3656 οὐδ’
507 3589 595 3662 αἴτιος
622 3588 721 3664 αὐτοῖς
744 3586 790 3663 ε’ςί
817 3596 867 3654 τοῦ
892 3593 1026 3658 θανάτου
1051 3600 1122 3687 ὅπερ
1144 3596 1197 3661 σιἰκ
1222 3596 1258 3663 ἂν

289 3703 407 3769 δύναιτο
423 3697 559 3766 οὐδέποτε
579 3693 745 3773 ἀποδεῖξαι.
782 3696 981 3782 Inconcinna
1001 3700 1083 3765 haec
1102 3714 1175 3767 sunt
1196 3726 1258 3768 neo

287 3814 381 3899 Lysia
401 3811 474 3874 satis
491 3806 605 3891 digna,
625 3804 681 3867 sed
692 3804 740 3868 bis
757 3804 798 3868 ab
816 3806 1047 3891 interpolatore
1063 3810 1256 3895 depravata:

289 3924 359 4008 ὅπερ
380 3918 432 3985 οιίκ
457 3918 493 3983 ἂν
517 3916 636 3982 δύναιτο
656 3914 696 3975 dc
720 3934 778 3977 suo
809 3914 899 3977 dedit
929 3928 1093 3980 corrector
1115 3920 1259 3981 Lauren-

288 4030 393 4093 tianus
414 4050 475 4115 pro
495 4028 549 4093 κᾶν
570 4024 700 4093 δύναιτο.
723 4022 771 4087 λιιι
790 4023 886 4109 igitur
906 4026 1046 4109 primurn
1068 4026 1200 4093 abiectis
1216 4030 1260 4091 ita
