3100 4942
772 559 818 630 402

309 778 380 871 δρον
399 779 573 866 appellavit
592 780 773 864 uliginem,
798 785 841 846 ὅτι
861 785 937 868 μένει
958 782 1003 849 τὸν
1024 781 1121 874 ἄνδρα
1129 837 1143 871 ‚
1164 785 1281 873 βαλάνῆ

310 914 369 956 τιον
403 890 570 964 iaculum,
604 891 648 953 ὅτι
683 888 780 954 ἀντίον
799 889 963 978 βάλλεται,
986 899 1116 986 μυςήρια
1137 895 1284 960 latibula

309 1003 473 1073 murium,
487 1003 531 1064 ὅτι
550 996 614 1074 τοὺς
633 1005 688 1086 μῦς
707 1006 809 1094 τυρεῖ,
827 1003 985 1095 σκέπαρνον
999 1004 1131 1080 lunum,
1152 1010 1195 1071 ὅτι
1214 1010 1281 1072 σκέ-

306 1133 353 1175 πει
376 1107 440 1183 τοὺς
460 1107 571 1201 ἄρνας,
594 1109 713 1200 ἐριώλην
735 1113 941 1196 paenulam,
969 1111 1023 1178 οἷον
1043 1112 1165 1207 ὄλεθρον
1193 1107 1282 1182 οὖσαν

307 1227 365 1286 τῶν
392 1215 496 1311 ἐρίων,
525 1216 665 1302 denique
688 1218 879 1304 pistillum,
905 1240 1023 1306 nempe
1052 1219 1099 1288 τὸν
1129 1231 1180 1296 τῆς
1199 1221 1282 1297 θνίας

306 1327 428 1420 τριβέα,
450 1321 622 1412 magnifice
640 1327 840 1410 nuncupavit
860 1327 974 1403 θνίςην.
995 1329 1062 1393 vid.
1084 1329 1204 1393 Athen.
1220 1330 1280 1393 111.

308 1465 342 1526 p.
356 1436 409 1501 98.
424 1445 455 1500 et
473 1443 626 1520 excerpta
643 1435 783 1498 Helladii
797 1436 819 1498 l.
836 1438 857 1499 l.
874 1440 932 1523 qui
952 1438 1042 1503 baud
1059 1440 1192 1525 illepide
1204 1439 1282 1504 suh-

308 1547 431 1632 iungit:
456 1545 570 1618 εἰκότως
588 1547 649 1631 ἄρα
668 1552 718 1618 τῆς
733 1551 792 1610 τῶν
810 1548 944 1614 τοιούτων
963 1551 1131 1641 οόιροσίσεως
1148 1550 1203 1624 τὰς
1223 1549 1280 1616 λα·

309 1655 411 1742 τομίας
432 1652 544 1740 μᾶλλον
565 1654 661 1743 ᾑρεῖτο
683 1649 843 1730 Φιλόξενος.

350 1761 539 1827 Rectissime
564 1761 724 1847 Augustus
744 1781 799 1847 ap.
822 1762 956 1828 Sueten.
976 1763 1030 1828 86.
1054 1766 1226 1828 cacozelos
1249 1773 1282 1828 el

309 1872 530 1956 antiquarios
552 1875 590 1931 ut
610 1867 746 1930 diverso
764 1889 890 1954 genere
909 1875 1054 1937 uitiosos
1067 1875 1155 1959 puri
1176 1872 1282 1954 fusti-

309 1983 366 2045 dt'o
387 1980 529 2065 spreuit.
563 1976 605 2040 At
631 1979 810 2055 κακοζηλίαν
834 1981 927 2045 istam
954 1981 1282 2046 evitarebominibus

309 2099 479 2154 emunctae
500 2087 586 2150 naris
605 2095 674 2149 erat
697 2087 905 2169 facillimum,
927 2100 1040 2154 contra
1061 2113 1078 2154 a
1103 2089 1208 2154 verbis
1226 2113 1281 2156 ve·

309 2196 430 2261 teribus
450 2205 482 2258 et
498 2193 648 2256 obsoletis
669 2192 829 2256 abstinere
846 2194 960 2260 Graeci
982 2218 1044 2261 nec
1063 2209 1285 2286 poterantnec

309 2305 480 2378 volebant,
515 2300 641 2386 quippe
670 2300 727 2384 qui
754 2321 794 2364 ex
826 2303 952 2367 assidue
979 2315 1123 2372 veterum
1145 2308 1283 2374 lectione

309 2434 437 2478 omnem
459 2412 607 2496 linguae,
636 2428 702 2492 qua
724 2407 757 2471 in
781 2409 949 2494 loquendo
971 2423 1001 2476 et
1023 2416 1195 2482 scribendo
1213 2428 1283 2482 ute·

307 2531 435 2594 rentur,
462 2517 677 2604 cognitionem
697 2515 862 2600 petebant.
888 2518 1043 2606 Exemplo
1062 2536 1108 2588 est
1130 2527 1200 2613 ipse
1218 2528 1284 2590 Lu·

309 2630 438 2703 cianus,
473 2625 532 2710 qui
560 2644 663 2708 quum
698 2623 893 2709 Lexiphenis
916 2627 1054 2715 ineptias
1081 2637 1223 2722 exagitat
1246 2661 1281 2722 p.

308 2735 375 2802 348
386 2738 485 2800 utitur
498 2733 603 2796 hisce:
628 2731 744 2816 μείλιςα
766 2730 802 2797 δὲ
819 2734 933 2829 Χάρισι
945 2736 996 2802 καὶ
1015 2745 1155 2832 σαφηνείᾳ
1170 2748 1281 2812 θύε-

312 2846 394 2913 καὶὸ
416 2851 503 2936 τῦφος
525 2842 627 2910 δὲκαὶ
646 2847 663 2915 ἡ
683 2845 873 2934 μεγαλαυχίαν
895 2849 945 2916 καί
962 2855 981 2923 ἡ
998 2859 1158 2927 κακοήθεια
1176 2859 1226 2925 καὶ
1247 2861 1283 2927 τὰ

311 2957 511 3050 βρενθύεσθαι
533 2951 582 3018 καιΙ
610 2954 795 3046 λαρυγγίζειν
819 2960 935 3035 ἀνείς-ω.
967 2962 1068 3051 Atqui
1090 2968 1176 3032 istud
1195 2968 1282 3060 βρεν-

309 3071 441 3138 θύεσθαι
462 3075 494 3128 et
522 3063 707 3157 λαρυγγίζειν
727 3088 765 3130 ενι
789 3070 898 3152 prisco
924 3072 1106 3138 Atticorum
1138 3097 1284 3140 sermone

310 3179 437 3254 sumsit3
474 3183 650 3259 utrumque
685 3182 731 3236 est
763 3176 853 3259 apud
883 3176 1151 3266 Aristophanem,
1186 3205 1285 3270 quem

310 3289 403 3352 Plato
425 3281 571 3368 sequitur
591 3289 623 3343 et
644 3280 889 3346 Demosthenes:
914 3284 991 3350 hinc
1013 3288 1118 3354 doctis
1134 3293 1283 3356 innotue-

308 3405 385 3460 runt
408 3402 438 3456 et
460 3390 576 3455 crebro
598 3411 657 3453 usu
679 3390 885 3474 frequentata
912 3403 1002 3455 sunt:
1033 3397 1159 3482 reliqua
1181 3399 1282 3464 Grae·

313 3528 426 3573 corum
446 3502 637 3579 multitudo,
667 3502 765 3588 (quos
785 3502 887 3565 solent
910 3503 966 3566 illo
993 3514 1139 3592 tempore
1163 3507 1283 3588 ἰδιώτας

310 3615 494 3702 appellere,
519 3613 687 3697 oppositos
706 3615 765 3688 τοῖς
787 3611 1041 3702 πεπαιδευμένοις,
1063 3617 1122 3700 qui
1143 3629 1283 3685 veterem

309 3727 452 3813 linguam
478 3721 660 3797 callebant,
691 3732 723 3784 et
751 3721 911 3786 vocabule
936 3723 973 3786 iis
1001 3735 1154 3810 usurpata
1187 3739 1219 3791 et
1240 3730 1283 3794 eb

311 3835 447 3918 antiquo
469 3852 613 3895 sermone
641 3833 744 3896 aliene
766 3831 916 3919 ι’διωτικοί)
941 3833 999 3896 ista
1022 3854 1064 3897 ne
1084 3834 1284 3922 intelligebat

312 3944 455 4030 quidem.
496 3943 613 4027 Itaque
641 3941 706 4006 hoc
733 3941 878 4005 homines
897 3941 987 4006 docti
1008 3964 1069 4007 nec
1094 3944 1153 4008 sibi
1175 3968 1284 4032 neque

313 4055 381 4117 aliis
420 4053 497 4117 vitio
532 4050 720 4129 vertebant,
756 4051 856 4114 modo
889 4073 930 4116 ne
963 4055 1066 4119 nimis
1106 4055 1212 4141 prisce
1251 4067 1283 4120 et
