3100 4942
791 535 863 607 100

340 765 456 854 positio
474 760 643 845 depravat.
677 752 757 835 Quis
780 750 891 815 credet
910 750 992 837 hscc
1011 758 1099 820 recte
1118 747 1207 813 dictu
1229 767 1313 815 csse:

342 898 377 960 p.
397 871 459 935 127
478 864 567 954 (307.
587 860 653 948 Β.).
685 858 863 951 Λύσανδρος
885 864 960 927 εἶπεν
977 865 1021 927 ὅτι
1039 858 1071 925 οὐ
1086 857 1152 952 περὶ
1169 856 1314 934 πολιτείας

345 980 412 1067 ὑμῖν
438 981 505 1050 ἕςαι
531 970 611 1036 ἀλλὰ
639 968 705 1063 περὶ
732 970 878 1062 σωτηρίοις
905 969 921 1033 o'
949 968 1033 1057 λόγος
1059 968 1084 1034 εἰ
1107 970 1148 1055 μὴ
1175 965 1315 1038 ποιήσαιθ’

344 1087 366 1151 ἃ
397 1085 571 1176 Θηραμένης
604 1078 724 1145 κελεύοι.
779 1078 911 1165 Corrigc
946 1078 1169 1140 soloecismum
1201 1075 1247 1138 itu
1279 1084 1331 1142 ut'

342 1194 481 1261 scribas:
512 1228 557 1240 --
584 1187 709 1260 ποιήσεθ’
741 1188 829 1255 so.
865 1186 983 1253 κελεύει.
1019 1206 1060 1249 uc
1092 1182 1169 1249 ride
1194 1190 1321 1267 quantu

342 1307 388 1369 vis
410 1322 499 1367 nunc
521 1300 626 1365 verbis
650 1302 844 1365 accesserit.-
862 1299 936 1362 Non
959 1307 1085 1362 tautum
1105 1293 1319 1363 Atticusser·

343 1431 417 1485 mo,
441 1408 498 1471 sed
517 1425 747 1492 quaecumque
769 1404 880 1490 lingua
903 1401 1026 1486 respuit
1053 1403 1321 1488 compositionem

340 1517 534 1582 *verborum
559 1514 665 1598 qualis
688 1512 770 1575 haec
794 1521 841 1575 est
861 1535 895 1596 p.
918 1508 980 1573 126
1001 1508 1092 1592 (307.
1118 1510 1173 1594 Β.)
1198 1508 1319 1599 ἐγιγνώ-

346 1650 430 1693 σκετε
455 1626 516 1713 γὰρ
537 1627 581 1687 ὅτι
604 1619 668 1711 περὶ
694 1616 827 1695 δουλείαις
851 1616 903 1684 καί
926 1615 1093 1706 εἿιενὲερίοις
1118 1617 1149 1684 ἐν
1169 1618 1258 1711 ἐκείνῃ
1283 1628 1321 1708 τῇ

345 1738 440 1827 ἡμέρᾳ
465 1731 674 1809 ἐκκλησιάζετε
695 1748 757 1813 pro
780 1728 971 1812 imperfecto
992 1724 1237 1816 ἐξεκλησιοίζετε,
1259 1750 1323 1795 nec

343 1846 447 1915 multo
472 1845 579 1904 sanior
600 1858 639 1903 ea
664 1846 726 1913 est,
751 1856 838 1921 quac
866 1836 984 1921 iegitur
1005 1859 1039 1923 p.
1065 1836 1126 1901 136
1150 1838 1240 1923 (331.
1264 1838 1319 1925 Β.)

346 1958 420 2021 οὕτω
445 1952 537 2040 μέντοι
558 1982 604 1996 -·
626 1945 707 2033 ὑμῶν
731 1946 910 2036 καταφρονεῖ
934 1950 996 2017 ore
1019 1942 1071 2009 οὐκ
1096 1943 1136 2009 iou
1162 1946 1322 2022 Ἀθηναῖος

347 2062 397 2129 καί
418 2058 536 2137 ἐδίκαζε
556 2054 605 2121 κοί
630 2053 818 2135 ἐξεκλησίαζε
847 2074 908 2137 pro
930 2056 1109 2145 κατεφρόνει.
1145 2054 1226 2134 Quis
1251 2074 1321 2118 nou

345 2170 489 2235 offendat
505 2170 539 2231 in
550 2166 598 2227 his
614 2190 649 2251 p.
666 2162 728 2227 150
741 2161 832 2248 (367.
843 2159 896 2246 Β.)
915 2164 1016 2226 οίκονν
1031 2162 1151 2257 αἰσχρὸν
1172 2162 1248 2228 εῖ-
1260 2167 1321 2237 τοῖς

345 2277 397 2366 μὲν
416 2277 514 2351 ἄλλοις
532 2271 675 2343 Ἕλλησιν
692 2271 857 2364 ὀργίζοισθε
873 2269 952 2343 εἴτις
975 2269 1227 2357 Λακεδαιμονίους
1241 2271 1323 2361 ὑμῶν

346 2386 410 2479 περὶ
428 2385 551 2459 πλείονος
573 2384 717 2467 ποιεῖται,
736 2380 817 2470 ὑμεῖς
835 2379 867 2447 δ’
887 2382 968 2450 αὐτοὶ
986 2387 1153 2474 φανήσεσθε
1171 2389 1331 2477 πιςότερον

345 2498 416 2589 πρὸς
431 2495 552 2569 ἐκείνους
570 2494 588 2565 ἢ
606 2494 677 2585 πρὸς
696 2490 775 2580 ὑμεῖς
796 2490 900 2567 αὐτοὺς
919 2490 1091 2582 διακειμενοι
1098 2547 1112 2579 ,
1134 2516 1238 2579 quum
1257 2504 1326 2560 tum

346 2604 473 2691 liquido
492 2611 615 2667 constet
634 2600 784 2691 ὀργίζεσθε
803 2621 869 2663 esse
889 2600 931 2665 ab
945 2613 1074 2665 oratore
1094 2603 1228 2668 dictum.
1253 2605 1322 2669 Nec

348 2713 453 2777 minus
485 2710 601 2773 falsum
623 2719 669 2771 est
699 2730 733 2792 p.
759 2705 823 2771 128
847 2707 939 2792 (311.
964 2707 1018 2792 Β.)
1046 2710 1103 2798 οὐχ
1131 2709 1210 2789 ἕξετε
1234 2713 1329 2802 λέγειν

348 2828 393 2888 ὅτι
419 2822 458 2885 τὰ
481 2816 545 2885 ὑπὸ·
566 2824 624 2882 τῶν
650 2820 809 2909 τριοίκοντοε
832 2820 1058 2908 προςαττόμενοι
1073 2819 1229 2908 ἐἰιοιεῖτε,
1259 2824 1325 2887 imo

351 2932 467 2999 ποιεῖτε.
502 2927 603 2991 Multo
628 2928 755 3011 turpius
777 2927 873 2989 etiam
896 2929 1009 2991 vitium
1028 2939 1073 2994 est
1095 2954 1131 3017 p.
1153 2933 1211 2994 161
1232 2930 1324 3015 (393.

351 3037 405 3126 Β.)
426 3038 526 3104 αὐτῶν
548 3034 656 3100 τούτων
679 3038 761 3101 ἕνεκα
784 3036 931 3127 πρόθυμοι
954 3034 1039 3123 ε’σμὲν
1059 3039 1097 3115 εἷς
1120 3038 1199 3126 ὑμεῖς
1216 3040 1326 3117 εἰδότες

349 3152 394 3213 ὅτι
413 3153 556 3239 χρήματα
582 3146 633 3234 μὲν
656 3149 724 3235 ἡμῖν
746 3147 798 3213 οὐκ
825 3148 868 3218 εἴη
894 3151 986 3216 πάθεν
1008 3150 1157 3240 ἐκτίσομεν
1185 3153 1267 3219 αὐτοὶ
1291 3152 1329 3219 δὲ

355 3258 501 3351 πρόθυμοι
522 3260 600 3331 ὄντες
618 3256 655 3331 εἰς
677 3254 754 3343 ὑμεῖς
773 3253 910 3344 ἀξιοῦμεν
932 3257 1119 3349 ὡρίσκεσθοιι
1135 3265 1245 3347 χάριν,
1270 3260 1329 3325 ubi

355 3366 563 3431 cumulantur
582 3366 770 3429 soloecismi.
807 3364 1040 3429 Scribendumz
1066 3367 1120 3434 οὐκ
1140 3372 1203 3444 ἕςιν
1222 3370 1332 3435 ὁπόθεν

356 3473 511 3563 ίκτίσιομεν
532 3511 577 3524 -·
597 3472 672 3554 ἄξιοι
691 3472 777 3562 ε’σμὲν
802 3473 986 3565 εὑρίσκεσθαι
1009 3479 1109 3568 χάριν.
1148 3478 1260 3543 Finem
1279 3480 1332 3544 fo·

359 3586 444 3649 cium
465 3584 501 3647 iu
522 3585 691 3652 manifesto
711 3584 917 3670 soloecismo,
942 3588 1000 3667 qui
1021 3584 1116 3647 nimis
1137 3586 1195 3649 diu
1214 3587 1334 3671 depru-

357 3692 445 3757 vovit
466 3690 576 3753 locum
598 3715 634 3777 p.
660 3688 720 3755 100
744 3690 835 3777 (236.
853 3688 907 3776 Β.)
928 3689 1087 3780 ἐβουλόμην
1110 3690 1143 3758 δ’
1169 3693 1206 3758 ἂν
1227 3689 1338 3771 ἐξεῖναί

363 3830 412 3893 μοι
436 3800 601 3896 παρ’-ὑμίν
631 3802 681 3869 καί
711 3800 744 3868 ίκ
773 3810 833 3869 τῶν
857 3801 956 3868 ἄλλον
983 3802 1129 3883 ἐπιδεῖξαι
1153 3806 1208 3875 τὴν
1235 3803 1337 3869 τούτου

361 3912 497 4005 πονηράν
521 3917 588 4009 ,ἶνα
614 3908 815 3988 ἒσίςησθι
836 3916 880 3977 ὅτι
900 3911 979 3979 πολὺ
1001 3913 1039 3978 ἂν
1058 3912 1234 4004 δικαιότερον
1250 3910 1337 3986 αὐτὸς

272 4054 274 4061 ·
292 4074 294 4079 .
359 4021 440 4114 ,περί
451 4024 579 4093 socru
595 4024 749 4110 ιἰγινιζετο
765 4020 909 4114 ἢ.ἱτίρονς
926 4019 1002 4115 ὑπὲρ
1018 4018 1342 4130 (περί)1ἥςσαερθκ
