3100 4942
239 752 255 813 λ

772 571 821 642 80

304 789 513 853 correctione
521 793 639 873 potest
654 789 818 872 restitui).
843 789 916 853 Non
927 789 1067 854 arbitror
1081 790 1280 855 manifestius
1372 834 1378 845 ·

302 898 337 960 id
361 916 517 981 apparere
545 918 638 980 posse
665 920 765 983 quam
794 920 833 961 ex
855 900 919 961 hoc
947 902 1021 963 loco
1046 900 1213 963 Plutarchi
1239 900 1280 962 de

304 987 471 1066 audiendis
493 998 604 1089 potitis
617 1030 651 1091 p.
673 1006 727 1071 tu.
752 1007 791 1068 l).
815 1008 845 1071 αἱ
868 1005 904 1071 δὲ
925 1014 983 1071 τῶν
1008 1014 1135 1075 ποιητῶν
1157 1004 1279 1072 ὑπεναν-

307 1095 506 1205 τιώσειςπγοδς
536 1112 639 1189 αὑτοὺς
664 1095 913 1208 ἀνταναφέρουσαι
941 1118 991 1185 τὴν
1015 1116 1095 1189 πίςιν
1118 1114 1170 1179 οὐκ
1197 1112 1279 1179 ἐῶσιν

308 1222 431 1312 ἰσχυρὰν
462 1222 552 1314 ῥοπὴν
578 1225 716 1312 γενέσθαι
744 1225 814 1315 πρὸς
846 1225 879 1288 τὸ
907 1224 1053 1311 βλάπτον.
1099 1220 1199 1289 Ὅπου
1226 1221 1279 1309 μὲν

307 1326 353 1399 οὖν
378 1335 476 1408 αὐτοῖς
498 1331 529 1395 τὸ
555 1334 667 1397 τιθέναι
693 1334 835 1421 σύνεγγυς
860 1332 987 1425 ἐκφανεῖς
1018 1335 1095 1398 ποιεῖ
1118 1334 1172 1406 τὰς
1197 1334 1278 1398 ἀντι-

307 1444 406 1532 λογίας
427 1442 476 1509 δεῖ
494 1448 536 1526 τῷ
558 1438 682 1519 βελτίονι
706 1446 890 1534 συνηγορεῖν·
916 1450 1014 1535 ὥσπερ
1037 1442 1066 1507 ἐν
1092 1442 1216 1516 τούτοις·
1235 1475 1280 1487 -

459 1588 504 1599 -
522 1552 554 1615 τί
570 1548 650 1620 δῆτα
673 1550 723 1617 δεῖ
741 1569 775 1617 σε
798 1556 915 1641 κοίμνειν
923 1581 937 1637 ,·
960 1553 1111 1617 κατθανεῖν

458 1666 581 1749 ἄμεινον.
607 1659 698 1736 οὐδείς
721 1668 856 1749 κάματος
879 1661 1006 1749 εὐσεβεῖν
1027 1662 1116 1735 θεούς.

305 1770 340 1833 id
362 1780 425 1845 est,
448 1772 472 1832 si
498 1768 725 1855 interpretibus
748 1770 963 1832 credendum:

327 1878 365 1943 Α.
393 1877 486 1960 Quid
506 1876 612 1965 ergo?
636 1883 820 1964 numquam
843 1888 876 1942 le
899 1882 986 1942 mori
1008 1876 1146 1961 expedit
1168 1872 1282 1937 Diis?

327 1987 365 2050 Β.
394 1965 574 2060 Praestat,
600 2009 661 2051 nee
683 1988 775 2051 ullus
795 1996 845 2051 est
869 1988 965 2051 labor
987 1986 1096 2049 colere
1118 1983 1219 2047 Deos.

304 2115 390 2181 quae
409 2115 509 2177 quam
531 2095 634 2157 aliena
656 2096 718 2158 sint
738 2095 838 2158 vides.
874 2095 958 2160 Vera
978 2095 1137 2178 scriptura
1156 2102 1188 2156 et
1209 2093 1280 2177 ipsa

305 2227 418 2269 manus
444 2205 624 2289 Euripidis,
650 2206 742 2269 cuius
767 2226 805 2267 ex
829 2203 1001 2266 Palamede
1031 2204 1122 2265 locus
1144 2212 1206 2279 est,
1232 2204 1274 2265 ita
1340 2233 1342 2237 ·

302 2314 379 2377 latet
401 2314 435 2375 in
458 2313 682 2398 antiquissimis
707 2312 892 2388 codicibus,
918 2322 954 2375 ut
981 2312 1146 2375 manifesta
1171 2331 1278 2373 corre·

305 2422 411 2485 ctione
440 2423 507 2483 erui
539 2426 648 2507 possit.
695 2424 827 2487 Scilicet
852 2424 994 2507 optimus
1018 2432 1049 2484 et
1079 2429 1279 2505 pervetustus

303 2530 400 2605 liber,
427 2552 485 2615 qm
507 2531 648 2596 Venetiis
669 2532 751 2596 inter
772 2531 905 2594 codices
926 2529 1149 2592 Bessarioneos
1170 2549 1277 2592 serra·

302 2648 372 2715 tur,
398 2638 483 2701 banc
508 2638 586 2700 mihi
609 2638 698 2701 dedit
723 2638 911 2700 lectionem:

477 2748 509 2810 τί
526 2744 605 2814 δῆτα
628 2736 702 2809 οὖσιν
724 2742 775 2809 δεῖ
795 2767 828 2807 σε
851 2743 1090 2831 κατθανούμενον.

305 2856 360 2923 ubi
383 2878 443 2942 pro
466 2855 599 2923 OYCIN
623 2856 692 2939 lege
715 2853 873 2939 utElN,
904 2852 996 2937 quod
1022 2859 1147 2936 puncto
1176 2862 1207 2914 et
1238 2852 1276 2915 li·

303 2966 396 3031 neola
419 2966 599 3049 discrepat,
628 2972 659 3023 et
689 2962 899 3045 Euripideum
929 2960 1064 3022 babebis
1095 2961 1275 3038 senarium,

304 3074 410 3159 qualis
432 3064 472 3137 ab
494 3074 549 3135 illo
573 3076 712 3159 scriptus
733 3084 763 3135 et
783 3095 800 3135 a
824 3074 998 3136 Plutarcho
1021 3074 1172 3137 laudatus
1193 3084 1254 3135 est:

478 3180 510 3245 τί
527 3179 606 3250 δῆτα
629 3180 700 3245 θύειν
723 3180 774 3246 δεῖ
792 3206 824 3246 σε
847 3182 1069 3272 κατθανούμενον
1075 3210 1090 3269 ,·

304 3286 476 3372 respondet
499 3287 701 3353 Palamedes:

450 3402 574 3484 ἄμεινον.
600 3398 693 3473 οὐδείς
717 3405 850 3487 κάματος
871 3393 901 3465 εὖ
924 3400 1016 3486 σέβειν
1037 3400 1125 3473 θεούς.

305 3506 407 3569 inhia
430 3507 576 3569 demum:
611 3507 642 3573 τδ
670 3510 781 3573 τιθέναι
808 3511 948 3599 σύνεγγυς
975 3508 1104 3601 ἐκφανεῖς
1130 3509 1206 3572 ποιεῖ
1225 3506 1279 3581 τοῖς

302 3613 488 3700 ἀντιλογίας,
522 3625 553 3676 et
584 3627 690 3699 potest
723 3619 840 3702 aliquis
874 3627 916 3709 τῷ
946 3618 1067 3705 βελτίονι
1096 3620 1276 3706 συνηγορεῖν.

303 3721 493 3806 spectemus
518 3744 606 3786 nunc
629 3724 671 3786 ad
695 3724 781 3789 banc
805 3728 908 3789 lucem
932 3728 1136 3790 librariorum
1161 3735 1191 3787 et
1214 3723 1277 3786 cri-

301 3830 504 3893 ticastrorum
527 3832 708 3895 socordiam
732 3843 763 3895 et
786 3836 1006 3897 temeritatem.
1039 3833 1228 3899 Videbimus
1244 3832 1278 3894 iu

301 3938 493 4003 lectionibus
507 3939 704 4023 reliquorum
725 3941 877 4002 codicum
894 3941 1084 4003 emendatae
1099 3940 1278 4023 scripturae

301 4052 433 4139 vestigia
464 4050 564 4137 magis
590 4051 757 4136 magisque
790 4050 973 4127 obliterari,
1010 4050 1116 4115 donec
1147 4045 1278 4110 taudem
