3100 4942
701 555 746 668 ar

372 783 410 857 εἰς
434 767 616 851 rosires-abe
631 777 797 862 -τνχόντιις
806 771 1075 863 vileid-sardens

374 893 406 956 ἐκ
429 899 487 957 τῶν
504 871 633 955 ’πολιτῶν
655 863 763 950 δώδεκ’
787 885 918 972 ἅνδᾶῑας,
940 882 1083 972 ἐπιμελῶς

376 999 552 1087 ἐκλεξαμένη
576 998 640 1071 τοὺς
671 995 721 1058 ἐκΙ
740 994 923 1064 δνναςῶν
953 1000 1125 1082 γεγονότας,

378 1115 499 1197 ἔχοντας
523 1110 641 1190 οὐσίας,
665 1103 762 1174 καλῶς
787 1101 979 1187 βεβιωκότας.

287 1218 373 1280 Nulli
391 1227 482 1279 erant
500 1216 633 1278 Athenis
648 1211 792 1284 δννοὶςαι.
819 1231 891 1271 vera
914 1210 1011 1272 lectio
1032 1211 1108 1273 latet
1129 1212 1162 1273 in
1179 1212 1221 1274 le·

245 1325 351 1388 ctione
369 1322 508 1406 coelicis}9
531 1323 608 1382 olim
625 1318 802 1402 depravata
816 1316 848 1376 in
859 1313 992 1398 reliquis
1005 1317 1218 1401 apographis,

247 1433 368 1505 δναςῶν
377 1485 389 1517 ,
413 1451 488 1494 nam
508 1432 604 1513 potita
625 1407 776 1485 dederat:
803 1420 849 1485 δύ’
871 1425 967 1496 άςῶν.
1005 1425 1051 1487 Ne
1068 1427 1221 1488 levissima

241 1541 375 1625 quidem
397 1537 542 1601 lectionis
572 1532 789 1616 discrepantia
814 1533 853 1591 ιἰι
879 1531 948 1594 loco
971 1543 1131 1618 corrupto
1153 1535 1220 1596 sine

242 1647 388 1730 periculo
419 1643 537 1730 negligi
571 1651 601 1701 et
641 1639 803 1702 contemni
834 1649 951 1722 potest.
996 1639 1087 1701 Dabo
1122 1661 1221 1703 unum

245 1756 427 1840 exemplum
446 1749 502 1815 sed
527 1750 738 1811 luculentum.
769 1745 923 1808 Eusebius
945 1748 978 1808 in
1001 1747 1131 1810 Stobaei
1148 1749 1221 1811 Flo·

246 1864 360 1950 rilegio
381 1863 420 1923 X.
438 1861 492 1922 31.
516 1858 548 1923 τὸ
562 1856 727 1946 οἰκονομέειν
742 1854 782 1916 τὰ
798 1857 944 1944 παρεόντα
962 1854 1066 1947 ανδρός
1089 1861 1218 1946 προνάου.

250 1971 282 2035 τὸ
309 1969 343 2033 δὲ
371 1968 443 2056 μηδ’
471 1968 543 2042 ὅλως
570 1961 670 2031 ἐθέλειν
695 1968 723 2038 ἔς
750 1986 776 2026 τι
807 1966 904 2045 (male
932 1964 1038 2025 editur
1068 1965 1127 2049 ε’ςί)
1163 1976 1221 2033 τῶν

249 2076 371 2142 δεόντων
394 2079 538 2168 χρίεσθαι
569 2073 760 2138 οὐδέποτε
791 2078 864 2135 τῶν
896 2074 1142 2162 arebertus,
1165 2104 1220 2144 κα.

251 2185 506 2273 ταδεδονλωμένον
532 2185 567 2249 δὲ
592 2183 694 2249 ἑωυτὸν
720 2189 778 2246 τῶν
805 2184 967 2271 χρημάτων
989 2179 1035 2255 ἐςὶ
1056 2194 1091 2270 τῇ
1109 2194 1218 2257 κτήσει,

248 2296 362 2382 Spreta
386 2307 432 2358 est
455 2295 551 2356 lectio
575 2293 698 2355 codicis
721 2292 805 2354 ὠτῶν
826 2311 887 2374 pro
910 2297 979 2353 τῶν.
1016 2292 1089 2354 Sola
1117 2304 1223 2359 tamen

247 2415 351 2467 serrat
375 2407 527 2488 antiquae
551 2406 732 2487 scripturae
761 2402 927 2463 manifesta
958 2403 1105 2487 vestigia,
1139 2427 1223 2490 quae

250 2523 312 2575 est:
343 2512 374 2576 οὐ
407 2510 554 2579 δεσπότεω
587 2520 644 2577 τῶν
671 2513 840 2581 κτηθέντων.
889 2509 1095 2593 Saepissime,
1132 2516 1223 2598 quod

248 2623 345 2685 etiam
374 2624 473 2707 magis
501 2622 654 2705 pusillum
686 2620 832 2694 videtur,
868 2629 1022 2680 accentus
1053 2642 1223 2705 perperam

247 2731 385 2814 positus,
412 2726 630 2812 pessumdedit
653 2727 852 2788 sententiam.
889 2727 978 2786 ldulti
995 2737 1071 2789 sunt
1090 2731 1146 2812 qui
1167 2751 1222 2792 ac·

250 2846 404 2898 centuum
437 2837 593 2896 rationem
622 2835 655 2896 in
687 2832 812 2895 Graeco
841 2853 985 2895 sermone
1008 2836 1154 2898 nesciunt
1184 2857 1224 2900 ac

250 2944 387 3030 proinde
403 2943 616 3026 vilipendunt.
641 2941 681 3000 At
697 2960 792 3000 nemo
812 2949 916 3023 potest
932 2940 965 3001 iu
981 2940 1109 3004 Graecis
1129 2946 1225 3009 literis

250 3053 388 3114 multum
411 3049 587 3136 proficere,
622 3047 680 3130 qui
704 3056 858 3107 accentus
879 3066 945 3117 non
969 3046 1069 3130 probe
1095 3052 1223 3115 calleat.

248 3160 421 3224 caecutire
441 3166 472 3217 et
494 3154 633 3226 titubare
655 3173 784 3214 necesse
805 3153 864 3213 erit
889 3172 1014 3236 semper
1036 3155 1069 3216 in
1101 3167 1224 3239 etymo-

250 3268 354 3352 logia,
379 3266 412 3326 in
436 3261 604 3345 analogia,
630 3260 662 3319 in
684 3256 866 3341 quantitate
885 3258 1081 3340 syllabarum
1102 3283 1225 3348 coguo-

247 3373 385 3446 secuda,
411 3369 557 3454 quisquis
578 3369 678 3429 nescit
701 3377 867 3440 accentus
895 3367 1083 3430 certissimos
1110 3370 1222 3436 barum

253 3482 396 3544 omnium
418 3497 525 3538 rerum
551 3475 684 3536 indices.
718 3471 798 3534 Vide
823 3471 999 3534 Porsonrrm
1019 3476 1061 3536 ad
1081 3477 1223 3541 Medeam

253 3611 298 3654 va.
316 3589 343 3651 l.
369 3588 407 3649 ln
424 3606 459 3647 re
477 3584 588 3645 critica
602 3570 808 3666 quem'usum
832 3579 972 3642 babeant
990 3583 1103 3668 paucis
1122 3604 1224 3648 exem·

252 3699 314 3786 plis
330 3687 507 3783 ostendam.
532 3689 748 3774 Epicharmus
770 3696 826 3748 aut
848 3676 959 3748 saltein
978 3691 1075 3772 poeta
1092 3690 1225 3754 Doricus

252 3804 416 3888 antiquior
440 3798 528 3884 apud
548 3798 640 3878 Diog.
663 3797 766 3879 Lairt.
790 3794 847 3854 Ill.
877 3793 924 3854 16.

387 3908 551 3994 Θανμαςόν
573 3905 655 3971 οὐδὲν
677 3905 733 3992 ἁμὲ
757 3902 838 3966 ταῦθ’
861 3905 935 3966 οὕτω
957 3903 1046 3989 λέγειν

384 4017 433 4083 καὶ
455 4017 590 4085 ἁνδάνειν
613 4015 740 4081 αὐτοῖσιν
763 4010 867 4086 αὐτοὺς
888 4008 936 4076 καὶ
958 4010 1055 4076 δοκεῖν
