3100 4942
719 542 793 615 109

550 770 676 863 οανέξω
695 769 853 871 πατριδοο
868 762 971 867 α’ρχαι

550 916 671 987 ωνην·
699 902 717 971 ὁ
738 889 769 971 d’
790 887 975 993 οἷνηρπρογό

552 1024 756 1099 advertar
782 1016 976 1103 εκνεότητοσ

553 1156 601 1227 αεὶ
614 1150 991 1247 ξενοισινομιλεῖνξεῖνοσ,

554 1272 978 1376 μιμνερμονολεεσεποσα

553 1425 703 1499 κρονῑων.

280 1524 406 1591 Addam
430 1524 567 1587 alterum
594 1518 777 1604 exemplum
802 1534 869 1579 non
900 1514 1007 1577 minus
1037 1514 1251 1582 luculentum.

280 1657 314 1721 p,
333 1631 394 1697 301
422 1632 457 1695 d.
480 1631 513 1693 in
534 1630 607 1693 loco
627 1625 825 1689 Archestrati
845 1624 963 1709 legitur
981 1623 1016 1687 in
1037 1623 1169 1688 codice:

560 1747 617 1817 καὶ
633 1743 942 1844 λεβιανλαβεῖνοεχε

560 1870 740 1953 τονήπατον

285 1992 540 2062 Valckenaerius
561 2001 592 2055 et
613 1988 869 2054 Hemsterhusius
896 2007 964 2049 rem
993 2006 1057 2049 acu
1084 1986 1256 2073 tetigerunt

283 2100 472 2164 scribendo:
508 2099 557 2166 καὶ
586 2098 687 2185 λεβίαν
717 2097 816 2184 λαβὲ,
849 2098 980 2185 Μόσχε,
1012 2094 1061 2161 τὸν
1087 2102 1198 2165 ἥπατον
1227 2106 1258 2159 et

284 2208 487 2272 manifestum
509 2219 555 2272 est
576 2210 610 2272 in
631 2218 756 2273 vetusto
778 2208 910 2282 codice,
936 2226 1035 2291 quem
1059 2190 1174 2292 stupor
1196 2205 1258 2268 ho-

285 2318 379 2381 minis
396 2317 608 2403 sequebatur,
628 2313 913 2401 scriptum'fuisse':
936 2312 1260 2382 KAIAEBIANA'A·

286 2423 779 2491 BEMOCXETONHIIATON.
803 2424 876 2487 ride
904 2444 993 2486 nunc
1017 2424 1100 2509 quid
1122 2445 1261 2509 apogra-

287 2535 354 2620 pha
377 2534 535 2600 habeantz
567 2534 671 2622 λαβεῖν
694 2535 734 2609 ὡς
754 2531 805 2598 καὶ
827 2532 874 2599 τὸν
896 2540 1021 2604 ἥπατον.
1063 2532 1257 2610 Graeculus,

287 2645 345 2729 qui
365 2643 535 2729 Epitomen
555 2645 646 2720 fecit,
672 2644 715 2707 da
730 2664 820 2706 more
840 2644 989 2707 omittens
1007 2663 1094 2729 quae
1109 2642 1262 2727 expedire

287 2771 354 2816 non
375 2761 502 2838 poterat
525 2752 631 2815 dedit:
664 2748 765 2835 λαβεῖν
788 2750 981 2831 τὸνῆπατον.
1021 2750 1262 2837 schweighau-

268 2870 373 2923 'serus
390 2878 428 2921 ex
449 2860 566 2922 codice
584 2858 709 2925 Veneto
731 2860 881 2943 protulit:
905 2864 1027 2947 ὅσχετον
1042 2866 1167 2929 ἥπατον.
1203 2861 1261 2923 Ea·

289 2969 364 3033 dem
392 2968 587 3055 negligentia
616 2986 725 3029 ornnes
753 2965 821 3029 fere
850 2967 972 3030 codicis
1001 2969 1153 3033 lectiones
1177 2970 1260 3033 indi-

291 3085 417 3141 cantur.
453 3074 582 3139 Accidit
605 3083 712 3137 autem
734 3074 928 3161 plerumque
947 3085 982 3140 ut
1000 3078 1096 3163 primi
1117 3078 1264 3141 Editores

289 3184 461 3266 inciderint
473 3184 507 3247 in
520 3182 679 3246 deteriora
701 3182 911 3268 apographa,
932 3203 1073 3269 quorum
1094 3185 1262 3273 archetypi

292 3292 422 3357 codices
454 3289 565 3353 adhuc
596 3288 782 3367 exstabant;
815 3290 865 3353 his
896 3291 1029 3377 repertis
1063 3292 1263 3357 abiiciendae

291 3408 383 3463 erant
403 3399 532 3462 illorum
560 3396 730 3471 lectiones,
755 3416 839 3481 quas
864 3397 993 3461 vitiosas
1010 3418 1076 3461 esse
1095 3402 1261 3485 apparuit,

291 3505 346 3569 scd
362 3504 522 3568 neminem
536 3502 646 3578 video,
661 3502 718 3585 qui
729 3501 795 3565 hoo
805 3501 916 3566 iaciat.
938 3503 1112 3568 Ostendam
1124 3508 1265 3590 primum

295 3616 358 3679 alio
375 3614 537 3701 exempto,
551 3633 619 3697 quo
635 3621 737 3698 pacto
754 3613 982 3678 naaciaoteant
1000 3618 1090 3679 istae
1107 3618 1266 3681 variantes

293 3723 465 3797 lectiones,
490 3742 572 3807 quas
592 3720 712 3787 nultius
732 3722 864 3785 omnino
884 3724 978 3807 pretii
1000 3744 1066 3787 ease
1088 3727 1262 3790 contendo.

293 3832 347 3896 Est
363 3832 396 3895 in
412 3830 624 3895 Laurentiana
641 3829 844 3893 Bibliotheca
860 3832 965 3896 codex
981 3832 1165 3910 lamblichi‚
1183 3836 1266 3919 opti·

293 3960 365 4003 mae
387 3948 502 4015 notae,
535 3960 574 4003 ex
601 3959 669 4025 quo
692 3940 788 4005 etiam
816 3962 914 4029 supra
938 3943 1102 4029 quaedam
1124 3944 1262 4029 protulit

290 4048 412 4135 'reliqui
433 4066 544 4113 omnes
567 4046 736 4113 Iarnblichi
763 4050 895 4114 codices
914 4072 955 4117 ex
974 4034 1039 4117 tice
1069 4069 1135 4117 uno
1159 4050 1265 4119 fluxe·
