3100 4942
763 567 811 638 10

313 801 373 864 set.
411 791 642 882 Supervenere
667 808 705 856 ea
732 793 901 879 tempora,
927 811 1035 880 quum
1060 788 1174 858 fractis
1198 813 1263 861 ser·

252 899 254 904 ¹
310 914 417 981 vitute
442 907 560 978 animis
581 907 671 976 nitor
690 906 748 976 ille
771 908 934 1000 pristinus
956 908 1119 1002 paulatim
1145 921 1262 980 conta·

222 1083 227 1090 .
308 1032 502 1100 minaretur.
540 1027 649 1097 Simul
669 1025 753 1096 fines
771 1026 899 1120 quibus
921 1028 1001 1098 olim
1024 1029 1261 1100 continebatur

309 1152 377 1220 late
413 1146 557 1243 proferri
590 1148 700 1240 coepti
728 1157 826 1217 sunt:
860 1148 1008 1242 primum
1038 1135 1260 1220 Macedonum

308 1293 399 1340 arma
433 1290 513 1337 eum
546 1267 688 1361 imperio
721 1289 783 1336 suo
816 1266 963 1337 Graecae
993 1267 1129 1360 linguae
1160 1292 1258 1338 usum

307 1385 540 1460 extendebant.
590 1385 725 1456 Asiatici
755 1407 890 1474 omnes,
914 1385 1090 1480 Aegyptii,
1120 1388 1168 1457 nil
1197 1391 1260 1458 nisi

308 1508 449 1578 Graece:
481 1504 603 1576 deinde
628 1529 669 1576 ex
698 1527 779 1598 quo·
800 1504 908 1573 vietor
934 1504 1108 1576 Romanus
1133 1507 1261 1579 Graeoe

306 1629 484 1711 didicerat,
510 1617 639 1694 intuto
664 1625 818 1720 Romano
843 1623 926 1693 orbe
950 1624 1168 1716 elegantiores
1192 1651 1261 1696 orn-

307 1771 367 1820 nes
389 1747 515 1816 Graeca
541 1744 652 1838 patrio
677 1744 823 1812 sermoni
848 1742 1030 1813 anteferre:
1054 1746 1181 1816 Graece
1201 1749 1261 1816 sei·
1293 1785 1296 1792 1

306 1893 363 1958 re,
383 1867 510 1935 Graece
530 1864 642 1956 loqui,
665 1863 793 1933 Graece
813 1863 959 1934 scribere
981 1867 1163 1960 praecipua
1185 1866 1261 1937 laus

306 1984 507 2056 habebatur.
557 1983 645 2052 Hinc
679 1984 780 2077 periit
805 1985 934 2076 antiqui
964 1986 1126 2054 sermonis
1152 1988 1260 2058 since-

307 2109 388 2175 ritas
413 2101 570 2174 omnibus
595 2082 640 2171 ita
666 2101 716 2191 uti
743 2100 783 2171 lit
804 2125 845 2172 ex
870 2103 921 2171 sui
947 2105 1109 2174 sermonis
1130 2128 1195 2175 usu
1221 2131 1261 2178 ac

307 2227 437 2297 ratione
461 2221 591 2317 aliquid
616 2223 763 2292 alienum
789 2233 823 2291 et
851 2221 1024 2292 sordidum
1046 2223 1260 2298 admiscenti-

307 2349 399 2418 bus(
419 2348 525 2416 Natus
548 2353 599 2414 est
617 2367 728 2414 sermo
749 2344 907 2414 omnibus
926 2346 1116 2414 communis
1138 2355 1172 2415 et
1191 2347 1260 2417 fere

306 2467 461 2564 plebeius
489 2468 559 2536 sine
588 2465 702 2535 colore
727 2489 790 2536 nee
822 2466 950 2558 vigore,
977 2488 1080 2558 quem
1106 2464 1149 2534 ad
1173 2469 1259 2536 anti-

309 2592 463 2684 quiorem
488 2588 586 2656 illurn
609 2597 842 2680 comparatum
864 2596 953 2654 recte
970 2597 1150 2656 mortuum
1171 2588 1261 2658 dixe-

307 2715 364 2782 ris.
414 2711 453 2780 ln
482 2709 642 2780 Graeciae
672 2707 791 2776 incolis
819 2706 1083 2800 languescebant
1111 2711 1260 2803 spiritus.

307 2832 521 2903 Advolarunt
550 2838 721 2921 tamquam
747 2829 783 2896 in
810 2851 953 2896 uacuum
980 2852 1138 2922 eampum
1164 2855 1261 2924 pere·

308 2956 393 3050 grini
412 2953 611 3037 imitatores,
633 2948 692 3040 qui
715 2958 865 3042 arreptas
885 2949 1034 3042 undique
1054 2951 1175 3020 veteris
1194 2976 1260 3022 ser-

306 3075 415 3146 monis
437 3071 595 3164 reliquias
615 3068 741 3160 ingenti
763 3066 879 3138 labore
900 3078 934 3138 et
954 3069 1068 3139 studio
1087 3079 1262 3164 tamquam

307 3199 342 3266 in
361 3194 492 3264 musivo
509 3213 610 3284 opere
627 3187 808 3258 tesserulas
828 3200 1067 3283 componentes
1079 3191 1114 3260 in
1127 3215 1262 3264 summo

309 3303 468 3386 orationis
506 3317 627 3379 ornatu
662 3309 789 3379 scilieet
820 3317 853 3378 et
887 3309 1066 3402 magnifico
1094 3324 1261 3406 apparatu

308 3437 426 3527 inopes
438 3429 638 3502 incedebant
651 3438 686 3499 et
699 3430 816 3498 ieiuni:
833 3431 1000 3500 maximus
1017 3432 1143 3524 prodiit
1158 3436 1262 3530 serip-

308 3565 422 3626 torum
457 3574 635 3641 numerus,
670 3549 752 3618 dum
786 3549 876 3620 docti
910 3551 1106 3645 indoctique
1137 3559 1262 3649 passim

311 3677 352 3746 ad
387 3673 620 3769 componenda
652 3695 713 3741 sua
750 3673 804 3742 rel
837 3673 943 3743 aliena
977 3671 1129 3761 ruebant.
1151 3700 1262 3769 neque

311 3795 457 3891 amplius
489 3802 610 3863 natura
642 3791 699 3861 scd
733 3791 877 3862 eruditio
908 3790 1108 3863 incendebat
1137 3796 1259 3866 studia.

308 3917 427 3988 Oritur
445 3914 597 3985 conlusio
615 3914 747 4006 ingens,
767 3912 841 3981 aliis
859 3911 902 3981 ad
925 3911 1074 3982 nobilem
1094 3916 1260 3984 maiorum

310 4035 555 4131 simplicitatem
575 4042 609 4103 et
626 4033 858 4125 incorruptam
873 4032 1034 4102 sermonis
1051 4035 1261 4107 serenitatem
