3100 4942
726 601 774 672 55

264 824 395 895 ritatem
436 822 552 916 sequi,
597 821 654 892 sed
689 822 753 917 ipsi
792 826 905 891 rerum
942 817 1161 891 fundamenta
1195 831 1228 894 et

262 945 425 1039 principia
460 941 637 1037 explorare
682 940 833 1012 debeatis
873 947 908 1011 et
946 937 1112 1012 vobismet
1146 943 1228 1038 ipsis

260 1063 396 1135 credere
430 1084 499 1130 nou
537 1061 572 1130 in
604 1060 754 1154 magistri
789 1059 933 1128 alicuius
966 1057 1068 1128 verba
1105 1061 1225 1132 iurare.

259 1183 374 1255 Ardua
418 1203 471 1251 rcs
504 1188 572 1272 est,
610 1180 736 1270 fateor,
774 1188 809 1250 et
842 1179 954 1272 magni
970 1177 1117 1249 'laboris
1158 1179 1223 1252 Sed

257 1303 334 1395 quis
361 1325 523 1395 umquam
558 1301 594 1371 in
629 1301 809 1372 Hollandia
839 1308 955 1372 nostra
988 1297 1100 1368 laudis
1126 1302 1223 1396 cupi-

257 1423 324 1493 dus
350 1422 549 1494 detrectavit
586 1419 765 1494 laborem?
811 1421 845 1491 Si
890 1419 977 1491 bene
1019 1441 1079 1489 vos
1120 1421 1231 1507 novi,-

257 1566 356 1612 nemo
377 1552 429 1614 est
452 1551 620 1632 vestrum,
646 1543 702 1612 cui
726 1543 844 1612 inertia
865 1552 900 1610 et
922 1540 1078 1632 segnities
1102 1539 1220 1611 indus·

257 1663 330 1733 trias
345 1671 380 1733 et
403 1662 520 1734 labore
544 1665 588 1734 sit
614 1663 739 1758 potior.
776 1661 865 1731 Sunt
886 1660 1028 1730 fortasse
1056 1681 1144 1751 quos
1170 1662 1219 1732 rei

254 1779 439 1852 difficultas
465 1781 665 1853 absterreat:
690 1780 748 1852 sed
770 1779 967 1850 assiduitate
991 1786 1025 1848 et
1044 1776 1219 1872 diligentia

255 1901 355 1969 etiam
395 1901 587 1993 gravissima
628 1923 785 1995 quaeque
820 1898 905 1969 levia
943 1897 1052 1985 fiunt,
1090 1905 1125 1967 et
1158 1897 1218 1968 ubi

254 2022 467 2114 aliquantum
495 2020 662 2090 constanti
697 2021 810 2088 animo
834 2017 1037 2112 processeris
1067 2014 1219 2086 difficul-

256 2149 359 2206 tatem
383 2137 494 2228 operis
508 2137 653 2205 suavitas
674 2142 871 2229 compensat
891 2143 1108 2228 superatque.
1136 2135 1217 2206 Stu-

254 2257 389 2326 diorum
424 2279 478 2326 me
512 2253 635 2324 ducem
667 2251 835 2322 habebitis
868 2260 903 2322 et
940 2254 1119 2343 comitem,
1156 2259 1217 2349 qui

253 2377 348 2471 longi
371 2375 497 2446 itineris
530 2379 660 2468 partem
690 2373 785 2468 prior
813 2395 971 2442 emensus
997 2396 1090 2442 nunc
1118 2374 1216 2446 sociis

252 2505 287 2568 et
314 2497 429 2567 amicis
452 2496 538 2564 viam
564 2482 848 2581 commodiorem,
875 2513 974 2584 saepe
997 2493 1234 2586 compendia·

250 2617 353 2706 riam,
379 2622 566 2684 monstrare
592 2613 727 2705 possim.
765 2611 834 2681 Nec
859 2611 991 2681 tristem
1023 2635 1078 2683 me
1108 2615 1214 2708 magi·

251 2745 360 2806 strum
394 2731 561 2804 habebitis
595 2730 653 2801 sed
690 2731 838 2800 amicum
875 2753 983 2825 prope
1016 2735 1212 2828 aequalem,

248 2856 378 2950 quippe
402 2855 462 2947 qui
487 2851 568 2921 mihi
593 2851 790 2922 etiamnunc
811 2849 925 2920 videar
948 2873 1037 2922 unus
1056 2853 1100 2924 de
1118 2853 1215 2925 vobis

247 2996 330 3044 esse.
380 2973 455 3043 Non
487 2991 625 3064 parcam
650 2991 792 3062 operae,
831 2977 870 3037 ut
897 2967 994 3038 vobis
1022 2972 1211 3067 studiisque

249 3092 368 3164 vestris
392 3089 518 3183 prosim
543 3093 578 3156 et
604 3109 675 3178 quo
699 3087 772 3180 ipse
796 3093 890 3155 totus
911 3086 1012 3157 ardeo
1037 3088 1212 3162 literarum

250 3235 383 3299 amore,
409 3206 526 3278 codem
549 3227 607 3276 vos
633 3227 748 3275 amnes
761 3204 961 3295 incendam,
984 3229 1054 3276 non
1076 3216 1211 3279 tantum

245 3331 306 3425 qui
332 3331 367 3398 in
392 3327 445 3397 his
465 3327 570 3396 literis
595 3327 682 3395 vitae
702 3323 921 3394 tabernacula
942 3348 1068 3418 ponere
1091 3327 1208 3400 decre-

246 3452 340 3524 vistis
365 3448 423 3520 sed
457 3469 517 3518 vos
546 3447 645 3517 etiam
671 3445 798 3540 quibus
819 3446 898 3516 inde
927 3447 970 3515 ad
1002 3448 1084 3516 alias
1106 3447 1208 3518 disci-

246 3574 356 3671 plinas
382 3568 492 3639 aditus
516 3565 693 3662 panditur:
729 3588 809 3634 nam
837 3571 888 3635 est
912 3563 993 3634 mihi
1027 3563 1094 3635 hoc
1132 3592 1207 3659 per-

244 3715 401 3780 suasum,
440 3688 609 3758 neminem
644 3685 687 3755 ad
714 3704 967 3778 quamcumque
991 3682 1204 3778 disciplinam

244 3812 404 3886 accedere
427 3809 645 3904 paratiorem,
673 3828 775 3898 quam
807 3803 867 3896 qui
888 3803 1061 3895 ingenium
1083 3804 1202 3876 afferat

243 3935 418 4006 literarum
444 3926 564 4002 studiis
585 3930 630 3999 ita
661 3928 824 4024 politum,
864 3936 903 3994 ut
927 3931 1059 3994 mature
1083 3948 1202 3994 serum

241 4074 405 4147 quaerere
424 4058 459 4122 ct
485 4048 585 4120 certis
603 4045 734 4116 iudiciis
762 4065 943 4138 agnoscere
966 4042 1132 4113 didicerit,
