<?xml version="1.0" encoding="UTF-8"?>
<!DOCTYPE html PUBLIC "-//W3C//DTD XHTML 1.0 Transitional//EN"
    "http://www.w3.org/TR/xhtml1/DTD/xhtml1-transitional.dtd">
<html xmlns="http://www.w3.org/1999/xhtml" xml:lang="en" lang="en">
 <head>
  <title>
</title>
<meta http-equiv="Content-Type" content="text/html;charset=utf-8" />
  <meta name='ocr-system' content='tesseract 3.04.00' />
  <meta name='ocr-capabilities' content='ocr_page ocr_carea ocr_par ocr_line ocrx_word'/>
</head>
<body>
  <div class='ocr_page' id='page_1' title='image "./oratiodearteint00cobegoog_0011.png"; bbox 0 0 3100 4942; ppageno 0'>
   <div class='ocr_carea' id='block_1_1' title="bbox 723 599 746 670">
    <p class='ocr_par' dir='ltr' id='par_1_1' title="bbox 723 599 746 670">
     <span class='ocr_line' id='line_1_1' title="bbox 723 599 746 670; baseline 0 -10"><span class='ocrx_word' id='word_1_1' title='bbox 723 599 746 670; x_wconf 82' lang='grc'><strong>5</strong></span> 
     </span>
    </p>
   </div>
   <div class='ocr_carea' id='block_1_2' title="bbox 166 816 1212 1988">
    <p class='ocr_par' dir='ltr' id='par_1_2' title="bbox 166 816 1212 1988">
     <span class='ocr_line' id='line_1_2' title="bbox 255 816 1212 912; baseline 0.005 -25"><span class='ocrx_word' id='word_1_2' title='bbox 255 816 448 888; x_wconf 76' lang='lat' dir='ltr'>enuclearet</span> <span class='ocrx_word' id='word_1_3' title='bbox 480 841 590 912; x_wconf 89' lang='lat' dir='ltr'><strong>neque</strong></span> <span class='ocrx_word' id='word_1_4' title='bbox 620 816 720 893; x_wconf 86' lang='lat' dir='ltr'><strong>etiarn</strong></span> <span class='ocrx_word' id='word_1_5' title='bbox 734 891 735 894; x_wconf 66' lang='grc'>,</span> <span class='ocrx_word' id='word_1_6' title='bbox 749 828 789 890; x_wconf 90' lang='lat' dir='ltr'><strong>ut</strong></span> <span class='ocrx_word' id='word_1_7' title='bbox 821 819 955 891; x_wconf 89' lang='lat' dir='ltr'><strong>dicendi</strong></span> <span class='ocrx_word' id='word_1_8' title='bbox 987 821 1149 893; x_wconf 83' lang='lat' dir='ltr'><strong>suavitate</strong></span> <span class='ocrx_word' id='word_1_9' title='bbox 1175 832 1212 894; x_wconf 83' lang='lat' dir='ltr'><strong>et</strong></span> 
     </span>
     <span class='ocr_line' id='line_1_3' title="bbox 256 931 1211 1035; baseline 0.005 -29"><span class='ocrx_word' id='word_1_10' title='bbox 256 935 420 1029; x_wconf 79' lang='lat' dir='ltr'><strong>elegantia</strong></span> <span class='ocrx_word' id='word_1_11' title='bbox 451 931 660 1008; x_wconf 86' lang='lat' dir='ltr'><strong>audientium</strong></span> <span class='ocrx_word' id='word_1_12' title='bbox 688 939 817 1007; x_wconf 87' lang='lat' dir='ltr'><strong>animos</strong></span> <span class='ocrx_word' id='word_1_13' title='bbox 844 939 1070 1032; x_wconf 83' lang='lat' dir='ltr'><strong>demulceret,</strong></span> <span class='ocrx_word' id='word_1_14' title='bbox 1105 966 1211 1035; x_wconf 88' lang='lat' dir='ltr'><strong>quarn</strong></span> 
     </span>
     <span class='ocr_line' id='line_1_4' title="bbox 166 1055 1208 1151; baseline 0 -23"><span class='ocrx_word' id='word_1_15' title='bbox 166 1061 171 1072; x_wconf 91' lang='lat'>&#39;</span> <span class='ocrx_word' id='word_1_16' title='bbox 258 1065 298 1128; x_wconf 94' lang='lat' dir='ltr'><strong>ut</strong></span> <span class='ocrx_word' id='word_1_17' title='bbox 320 1055 432 1151; x_wconf 92' lang='lat' dir='ltr'><strong>palam</strong></span> <span class='ocrx_word' id='word_1_18' title='bbox 456 1078 569 1126; x_wconf 91' lang='lat' dir='ltr'><strong>coram</strong></span> <span class='ocrx_word' id='word_1_19' title='bbox 589 1055 654 1125; x_wconf 88' lang='lat' dir='ltr'><strong>hac</strong></span> <span class='ocrx_word' id='word_1_20' title='bbox 675 1077 885 1125; x_wconf 87' lang='lat' dir='ltr'><strong>summorum</strong></span> <span class='ocrx_word' id='word_1_21' title='bbox 911 1057 1060 1127; x_wconf 91' lang='lat' dir='ltr'><strong>virorum</strong></span> <span class='ocrx_word' id='word_1_22' title='bbox 1084 1083 1208 1130; x_wconf 92' lang='lat' dir='ltr'><strong>corona</strong></span> 
     </span>
     <span class='ocr_line' id='line_1_5' title="bbox 258 1175 1208 1272; baseline 0 -25"><span class='ocrx_word' id='word_1_23' title='bbox 258 1178 402 1272; x_wconf 88' lang='lat' dir='ltr'><strong>aperiret</strong></span> <span class='ocrx_word' id='word_1_24' title='bbox 437 1199 540 1269; x_wconf 90' lang='lat' dir='ltr'><strong>quam</strong></span> <span class='ocrx_word' id='word_1_25' title='bbox 571 1175 658 1245; x_wconf 90' lang='lat' dir='ltr'><strong>viam</strong></span> <span class='ocrx_word' id='word_1_26' title='bbox 691 1198 729 1244; x_wconf 89' lang='lat' dir='ltr'><strong>ac</strong></span> <span class='ocrx_word' id='word_1_27' title='bbox 759 1176 922 1245; x_wconf 89' lang='lat' dir='ltr'><strong>rationem</strong></span> <span class='ocrx_word' id='word_1_28' title='bbox 948 1175 1139 1247; x_wconf 89' lang='lat' dir='ltr'><strong>studiorum</strong></span> <span class='ocrx_word' id='word_1_29' title='bbox 1165 1178 1208 1247; x_wconf 93' lang='lat' dir='ltr'><strong>ad</strong></span> 
     </span>
     <span class='ocr_line' id='line_1_6' title="bbox 256 1297 1208 1391; baseline 0 -21"><span class='ocrx_word' id='word_1_30' title='bbox 256 1323 335 1370; x_wconf 87' lang='lat' dir='ltr'><strong>eum</strong></span> <span class='ocrx_word' id='word_1_31' title='bbox 352 1298 441 1368; x_wconf 90' lang='lat' dir='ltr'><strong>diem</strong></span> <span class='ocrx_word' id='word_1_32' title='bbox 466 1305 602 1367; x_wconf 89' lang='lat' dir='ltr'><strong>secutus</strong></span> <span class='ocrx_word' id='word_1_33' title='bbox 628 1306 742 1391; x_wconf 86' lang='lat' dir='ltr'><strong>postea</strong></span> <span class='ocrx_word' id='word_1_34' title='bbox 770 1299 806 1368; x_wconf 94' lang='lat' dir='ltr'><strong>in</strong></span> <span class='ocrx_word' id='word_1_35' title='bbox 831 1297 1012 1368; x_wconf 91' lang='lat' dir='ltr'><strong>erudienda</strong></span> <span class='ocrx_word' id='word_1_36' title='bbox 1034 1300 1208 1370; x_wconf 88' lang='lat' dir='ltr'><strong>iuventute</strong></span> 
     </span>
     <span class='ocr_line' id='line_1_7' title="bbox 256 1418 1208 1513; baseline 0.001 -24"><span class='ocrx_word' id='word_1_37' title='bbox 256 1426 342 1490; x_wconf 87' lang='lat' dir='ltr'><strong>esset</strong></span> <span class='ocrx_word' id='word_1_38' title='bbox 358 1426 548 1490; x_wconf 87' lang='lat' dir='ltr'><strong>secuturus.</strong></span> <span class='ocrx_word' id='word_1_39' title='bbox 581 1418 810 1513; x_wconf 80' lang='lat' dir='ltr'><strong>Circumspexi</strong></span> <span class='ocrx_word' id='word_1_40' title='bbox 834 1419 938 1512; x_wconf 92' lang='lat' dir='ltr'><strong>igitur</strong></span> <span class='ocrx_word' id='word_1_41' title='bbox 953 1418 1085 1489; x_wconf 85' lang='lat' dir='ltr'><strong>dicendi</strong></span> <span class='ocrx_word' id='word_1_42' title='bbox 1102 1429 1208 1491; x_wconf 89' lang='lat' dir='ltr'><strong>mate·</strong></span> 
     </span>
     <span class='ocr_line' id='line_1_8' title="bbox 258 1537 1209 1632; baseline 0.002 -24"><span class='ocrx_word' id='word_1_43' title='bbox 258 1541 359 1629; x_wconf 85' lang='lat' dir='ltr'><strong>riam,</strong></span> <span class='ocrx_word' id='word_1_44' title='bbox 394 1541 429 1608; x_wconf 89' lang='lat' dir='ltr'><strong>in</strong></span> <span class='ocrx_word' id='word_1_45' title='bbox 458 1564 525 1632; x_wconf 93' lang='lat' dir='ltr'><strong>qua</strong></span> <span class='ocrx_word' id='word_1_46' title='bbox 557 1537 756 1632; x_wconf 85' lang='lat' dir='ltr'><strong>explicanda</strong></span> <span class='ocrx_word' id='word_1_47' title='bbox 780 1537 865 1632; x_wconf 93' lang='lat' dir='ltr'><strong>quid</strong></span> <span class='ocrx_word' id='word_1_48' title='bbox 889 1538 969 1607; x_wconf 92' lang='lat' dir='ltr'><strong>mihi</strong></span> <span class='ocrx_word' id='word_1_49' title='bbox 995 1540 1030 1607; x_wconf 93' lang='lat' dir='ltr'><strong>in</strong></span> <span class='ocrx_word' id='word_1_50' title='bbox 1052 1539 1209 1610; x_wconf 88' lang='lat' dir='ltr'><strong>Philolo-</strong></span> 
     </span>
     <span class='ocr_line' id='line_1_9' title="bbox 258 1657 1211 1754; baseline 0 -26"><span class='ocrx_word' id='word_1_51' title='bbox 258 1659 338 1752; x_wconf 88' lang='lat' dir='ltr'><strong>gicis</strong></span> <span class='ocrx_word' id='word_1_52' title='bbox 377 1658 497 1728; x_wconf 86' lang='lat' dir='ltr'><strong>studiis</strong></span> <span class='ocrx_word' id='word_1_53' title='bbox 540 1659 757 1754; x_wconf 88' lang='lat' dir='ltr'><strong>probandum</strong></span> <span class='ocrx_word' id='word_1_54' title='bbox 803 1658 888 1752; x_wconf 92' lang='lat' dir='ltr'><strong>quid</strong></span> <span class='ocrx_word' id='word_1_55' title='bbox 925 1681 994 1728; x_wconf 93' lang='lat' dir='ltr'><strong>uon</strong></span> <span class='ocrx_word' id='word_1_56' title='bbox 1039 1657 1211 1730; x_wconf 88' lang='lat' dir='ltr'><strong>videretur</strong></span> 
     </span>
     <span class='ocr_line' id='line_1_10' title="bbox 258 1778 1212 1874; baseline -0.003 -25"><span class='ocrx_word' id='word_1_57' title='bbox 258 1779 399 1850; x_wconf 82' lang='lat' dir='ltr'><strong>candide</strong></span> <span class='ocrx_word' id='word_1_58' title='bbox 421 1801 622 1874; x_wconf 82' lang='lat' dir='ltr'><strong>exponerem</strong></span> <span class='ocrx_word' id='word_1_59' title='bbox 647 1787 682 1849; x_wconf 93' lang='lat' dir='ltr'><strong>et</strong></span> <span class='ocrx_word' id='word_1_60' title='bbox 707 1778 834 1848; x_wconf 89' lang='lat' dir='ltr'><strong>dicam:</strong></span> <span class='ocrx_word' id='word_1_61' title='bbox 859 1779 902 1846; x_wconf 85' lang='lat' dir='ltr'><strong>da</strong></span> <span class='ocrx_word' id='word_1_62' title='bbox 927 1788 1006 1846; x_wconf 76' lang='lat' dir='ltr'><strong>arta</strong></span> <span class='ocrx_word' id='word_1_63' title='bbox 1026 1782 1212 1869; x_wconf 80' lang='lat' dir='ltr'><strong>interpra-</strong></span> 
     </span>
     <span class='ocr_line' id='line_1_11' title="bbox 260 1897 1212 1988; baseline -0.002 -19"><span class='ocrx_word' id='word_1_64' title='bbox 260 1902 364 1970; x_wconf 76' lang='lat' dir='ltr'><strong>tandi</strong></span> <span class='ocrx_word' id='word_1_65' title='bbox 385 1899 645 1970; x_wconf 69' lang='lat' dir='ltr'><em>Grammaticos</em></span> <span class='ocrx_word' id='word_1_66' title='bbox 663 1911 699 1968; x_wconf 83' lang='lat' dir='ltr'><strong>et</strong></span> <span class='ocrx_word' id='word_1_67' title='bbox 714 1897 868 1968; x_wconf 84' lang='lat' dir='ltr'><strong>Criticas</strong></span> <span class='ocrx_word' id='word_1_68' title='bbox 878 1900 1137 1988; x_wconf 74' lang='lat' dir='ltr'><strong>fundamentis</strong></span> <span class='ocrx_word' id='word_1_69' title='bbox 1156 1904 1212 1967; x_wconf 80' lang='lat' dir='ltr'><strong>iri·</strong></span> 
     </span>
    </p>
   </div>
   <div class='ocr_carea' id='block_1_3' title="bbox 256 2017 1213 2471">
    <p class='ocr_par' dir='ltr' id='par_1_3' title="bbox 256 2017 1213 2471">
     <span class='ocr_line' id='line_1_12' title="bbox 258 2017 1212 2117; baseline -0.002 -27"><span class='ocrx_word' id='word_1_70' title='bbox 258 2027 351 2117; x_wconf 74' lang='lat' dir='ltr'><strong>raico</strong></span> <span class='ocrx_word' id='word_1_71' title='bbox 365 2023 548 2112; x_wconf 81' lang='lat' dir='ltr'><strong>primario</strong></span> <span class='ocrx_word' id='word_1_72' title='bbox 574 2019 752 2114; x_wconf 72' lang='lat' dir='ltr'><em>philologi</em></span> <span class='ocrx_word' id='word_1_73' title='bbox 780 2021 910 2115; x_wconf 87' lang='lat' dir='ltr'><strong>officio:</strong></span> <span class='ocrx_word' id='word_1_74' title='bbox 935 2017 977 2087; x_wconf 90' lang='lat' dir='ltr'><strong>de</strong></span> <span class='ocrx_word' id='word_1_75' title='bbox 1009 2040 1080 2111; x_wconf 95' lang='lat' dir='ltr'><strong>quo</strong></span> <span class='ocrx_word' id='word_1_76' title='bbox 1109 2042 1212 2111; x_wconf 85' lang='lat' dir='ltr'><strong>argu-</strong></span> 
     </span>
     <span class='ocr_line' id='line_1_13' title="bbox 256 2136 1213 2234; baseline -0.005 -23"><span class='ocrx_word' id='word_1_77' title='bbox 256 2148 371 2212; x_wconf 90' lang='lat' dir='ltr'><strong>mento</strong></span> <span class='ocrx_word' id='word_1_78' title='bbox 409 2163 497 2234; x_wconf 90' lang='lat' dir='ltr'><strong>quae</strong></span> <span class='ocrx_word' id='word_1_79' title='bbox 533 2140 731 2232; x_wconf 90' lang='lat' dir='ltr'><strong>perspicue,</strong></span> <span class='ocrx_word' id='word_1_80' title='bbox 767 2147 806 2207; x_wconf 92' lang='lat' dir='ltr'><strong>ut</strong></span> <span class='ocrx_word' id='word_1_81' title='bbox 834 2149 969 2231; x_wconf 88' lang='lat' dir='ltr'><strong>potero,</strong></span> <span class='ocrx_word' id='word_1_82' title='bbox 1004 2147 1039 2207; x_wconf 93' lang='lat' dir='ltr'><strong>et</strong></span> <span class='ocrx_word' id='word_1_83' title='bbox 1068 2136 1213 2207; x_wconf 90' lang='lat' dir='ltr'><strong>breviter</strong></span> 
     </span>
     <span class='ocr_line' id='line_1_14' title="bbox 257 2255 1213 2355; baseline -0.002 -27"><span class='ocrx_word' id='word_1_84' title='bbox 257 2259 493 2355; x_wconf 87' lang='lat' dir='ltr'><strong>disputaturus</strong></span> <span class='ocrx_word' id='word_1_85' title='bbox 527 2280 603 2327; x_wconf 88' lang='lat' dir='ltr'><strong>sum</strong></span> <span class='ocrx_word' id='word_1_86' title='bbox 633 2258 783 2347; x_wconf 85' lang='lat' dir='ltr'><strong>attentis,</strong></span> <span class='ocrx_word' id='word_1_87' title='bbox 814 2280 958 2350; x_wconf 82' lang='lat' dir='ltr'><strong>quaeso,</strong></span> <span class='ocrx_word' id='word_1_88' title='bbox 983 2264 1016 2326; x_wconf 90' lang='lat' dir='ltr'><strong>et</strong></span> <span class='ocrx_word' id='word_1_89' title='bbox 1041 2255 1213 2326; x_wconf 81' lang='lat' dir='ltr'><strong>benevolis</strong></span> 
     </span>
     <span class='ocr_line' id='line_1_15' title="bbox 260 2377 784 2471; baseline -0.01 -21"><span class='ocrx_word' id='word_1_90' title='bbox 260 2377 401 2450; x_wconf 89' lang='lat' dir='ltr'><strong>auribus</strong></span> <span class='ocrx_word' id='word_1_91' title='bbox 425 2379 612 2470; x_wconf 79' lang='lat' dir='ltr'><strong>animisque</strong></span> <span class='ocrx_word' id='word_1_92' title='bbox 633 2377 784 2471; x_wconf 88' lang='lat' dir='ltr'><strong>accipite.</strong></span> 
     </span>
    </p>
   </div>
   <div class='ocr_carea' id='block_1_4' title="bbox 260 2496 1219 4151">
    <p class='ocr_par' dir='ltr' id='par_1_4' title="bbox 260 2496 1219 4151">
     <span class='ocr_line' id='line_1_16' title="bbox 307 2496 1214 2586; baseline -0.001 -20"><span class='ocrx_word' id='word_1_93' title='bbox 307 2498 533 2567; x_wconf 76' lang='lat' dir='ltr'><strong>Grammatico</strong></span> <span class='ocrx_word' id='word_1_94' title='bbox 559 2497 714 2586; x_wconf 92' lang='lat' dir='ltr'><strong>scientia,</strong></span> <span class='ocrx_word' id='word_1_95' title='bbox 740 2497 797 2566; x_wconf 92' lang='lat' dir='ltr'><strong>cui</strong></span> <span class='ocrx_word' id='word_1_96' title='bbox 819 2496 915 2564; x_wconf 91' lang='lat' dir='ltr'><strong>inniti</strong></span> <span class='ocrx_word' id='word_1_97' title='bbox 941 2516 1075 2565; x_wconf 91' lang='lat' dir='ltr'><strong>omnem</strong></span> <span class='ocrx_word' id='word_1_98' title='bbox 1099 2517 1214 2565; x_wconf 91' lang='lat' dir='ltr'><strong>sanam</strong></span> 
     </span>
     <span class='ocr_line' id='line_1_17' title="bbox 261 2617 1215 2711; baseline -0.003 -24"><span class='ocrx_word' id='word_1_99' title='bbox 261 2617 568 2711; x_wconf 71' lang='lat' dir='ltr'><strong>interpretationem</strong></span> <span class='ocrx_word' id='word_1_100' title='bbox 588 2623 720 2686; x_wconf 83' lang='lat' dir='ltr'><strong>constat</strong></span> <span class='ocrx_word' id='word_1_101' title='bbox 740 2617 828 2686; x_wconf 90' lang='lat' dir='ltr'><strong>iuter</strong></span> <span class='ocrx_word' id='word_1_102' title='bbox 850 2639 984 2704; x_wconf 89' lang='lat' dir='ltr'><strong>omues,</strong></span> <span class='ocrx_word' id='word_1_103' title='bbox 1007 2623 1160 2685; x_wconf 70' lang='lat' dir='ltr'><strong>versatur</strong></span> <span class='ocrx_word' id='word_1_104' title='bbox 1179 2618 1215 2684; x_wconf 90' lang='lat' dir='ltr'><strong>in</strong></span> 
     </span>
     <span class='ocr_line' id='line_1_18' title="bbox 260 2733 1214 2830; baseline -0.001 -24"><span class='ocrx_word' id='word_1_105' title='bbox 260 2736 449 2830; x_wconf 84' lang='lat' dir='ltr'><strong>cognitione</strong></span> <span class='ocrx_word' id='word_1_106' title='bbox 480 2735 743 2826; x_wconf 90' lang='lat' dir='ltr'><strong>vocabulorum,</strong></span> <span class='ocrx_word' id='word_1_107' title='bbox 770 2733 897 2829; x_wconf 89' lang='lat' dir='ltr'><strong>quibus</strong></span> <span class='ocrx_word' id='word_1_108' title='bbox 920 2733 1043 2829; x_wconf 93' lang='lat' dir='ltr'><strong>populi</strong></span> <span class='ocrx_word' id='word_1_109' title='bbox 1072 2734 1214 2805; x_wconf 86' lang='lat' dir='ltr'><strong>alicuius</strong></span> 
     </span>
     <span class='ocr_line' id='line_1_19' title="bbox 261 2853 1213 2948; baseline 0.002 -24"><span class='ocrx_word' id='word_1_110' title='bbox 261 2854 378 2948; x_wconf 89' lang='lat' dir='ltr'><strong>lingua</strong></span> <span class='ocrx_word' id='word_1_111' title='bbox 400 2863 541 2924; x_wconf 89' lang='lat' dir='ltr'><strong>constat.</strong></span> <span class='ocrx_word' id='word_1_112' title='bbox 580 2853 706 2924; x_wconf 90' lang='lat' dir='ltr'><strong>Eorum</strong></span> <span class='ocrx_word' id='word_1_113' title='bbox 723 2861 881 2922; x_wconf 91' lang='lat' dir='ltr'><strong>naturam</strong></span> <span class='ocrx_word' id='word_1_114' title='bbox 899 2863 933 2922; x_wconf 92' lang='lat' dir='ltr'><strong>et</strong></span> <span class='ocrx_word' id='word_1_115' title='bbox 948 2854 1213 2946; x_wconf 88' lang='lat' dir='ltr'><strong>antiquissimam</strong></span> 
     </span>
     <span class='ocr_line' id='line_1_20' title="bbox 261 2972 1213 3068; baseline 0.002 -26"><span class='ocrx_word' id='word_1_116' title='bbox 261 2974 425 3067; x_wconf 85' lang='lat' dir='ltr'><strong>originem</strong></span> <span class='ocrx_word' id='word_1_117' title='bbox 455 2974 617 3062; x_wconf 88' lang='lat' dir='ltr'><strong>rimatur,</strong></span> <span class='ocrx_word' id='word_1_118' title='bbox 652 2972 777 3042; x_wconf 85' lang='lat' dir='ltr'><strong>formas</strong></span> <span class='ocrx_word' id='word_1_119' title='bbox 806 2984 840 3042; x_wconf 90' lang='lat' dir='ltr'><strong>et</strong></span> <span class='ocrx_word' id='word_1_120' title='bbox 865 2972 1075 3065; x_wconf 86' lang='lat' dir='ltr'><strong>significandi</strong></span> <span class='ocrx_word' id='word_1_121' title='bbox 1099 2985 1213 3068; x_wconf 88' lang='lat' dir='ltr'><strong>potes-</strong></span> 
     </span>
     <span class='ocr_line' id='line_1_21' title="bbox 261 3094 1213 3189; baseline -0.001 -25"><span class='ocrx_word' id='word_1_122' title='bbox 261 3103 363 3185; x_wconf 83' lang='lat' dir='ltr'><strong>tatea,</strong></span> <span class='ocrx_word' id='word_1_123' title='bbox 390 3095 665 3189; x_wconf 86' lang='lat' dir='ltr'><strong>compositionem</strong></span> <span class='ocrx_word' id='word_1_124' title='bbox 691 3094 1043 3186; x_wconf 86' lang='lat' dir='ltr'><strong>constructionemque</strong></span> <span class='ocrx_word' id='word_1_125' title='bbox 1068 3117 1133 3186; x_wconf 93' lang='lat' dir='ltr'><strong>pro</strong></span> <span class='ocrx_word' id='word_1_126' title='bbox 1155 3119 1213 3163; x_wconf 90' lang='lat' dir='ltr'><strong>va-</strong></span> 
     </span>
     <span class='ocr_line' id='line_1_22' title="bbox 262 3208 1214 3309; baseline 0 -26"><span class='ocrx_word' id='word_1_127' title='bbox 262 3215 320 3283; x_wconf 91' lang='lat' dir='ltr'><strong>riis</strong></span> <span class='ocrx_word' id='word_1_128' title='bbox 344 3212 555 3309; x_wconf 82' lang='lat' dir='ltr'><strong>temporibus</strong></span> <span class='ocrx_word' id='word_1_129' title='bbox 582 3221 616 3281; x_wconf 89' lang='lat' dir='ltr'><strong>et</strong></span> <span class='ocrx_word' id='word_1_130' title='bbox 641 3209 725 3279; x_wconf 88' lang='lat' dir='ltr'><strong>loeis</strong></span> <span class='ocrx_word' id='word_1_131' title='bbox 750 3211 874 3279; x_wconf 90' lang='lat' dir='ltr'><strong>variam</strong></span> <span class='ocrx_word' id='word_1_132' title='bbox 897 3208 1032 3280; x_wconf 88' lang='lat' dir='ltr'><strong>assiduo</strong></span> <span class='ocrx_word' id='word_1_133' title='bbox 1062 3211 1214 3283; x_wconf 83' lang='lat' dir='ltr'><strong>lectionis</strong></span> 
     </span>
     <span class='ocr_line' id='line_1_23' title="bbox 262 3331 1215 3426; baseline -0.005 -18"><span class='ocrx_word' id='word_1_134' title='bbox 262 3344 297 3408; x_wconf 91' lang='lat' dir='ltr'><strong>et</strong></span> <span class='ocrx_word' id='word_1_135' title='bbox 321 3334 545 3406; x_wconf 88' lang='lat' dir='ltr'><strong>meditationis</strong></span> <span class='ocrx_word' id='word_1_136' title='bbox 568 3357 634 3404; x_wconf 88' lang='lat' dir='ltr'><strong>usu</strong></span> <span class='ocrx_word' id='word_1_137' title='bbox 658 3341 753 3403; x_wconf 91' lang='lat' dir='ltr'><strong>notat</strong></span> <span class='ocrx_word' id='word_1_138' title='bbox 776 3341 812 3402; x_wconf 87' lang='lat' dir='ltr'><strong>et</strong></span> <span class='ocrx_word' id='word_1_139' title='bbox 836 3331 999 3426; x_wconf 85' lang='lat' dir='ltr'><strong>explorat.</strong></span> <span class='ocrx_word' id='word_1_140' title='bbox 1042 3331 1083 3402; x_wconf 89' lang='lat' dir='ltr'><strong>Et</strong></span> <span class='ocrx_word' id='word_1_141' title='bbox 1106 3335 1215 3426; x_wconf 92' lang='lat' dir='ltr'><strong>inqui·</strong></span> 
     </span>
     <span class='ocr_line' id='line_1_24' title="bbox 263 3452 1216 3549; baseline -0.004 -23"><span class='ocrx_word' id='word_1_142' title='bbox 263 3480 338 3526; x_wconf 87' lang='lat' dir='ltr'><strong>rere</strong></span> <span class='ocrx_word' id='word_1_143' title='bbox 368 3454 505 3549; x_wconf 91' lang='lat' dir='ltr'><strong>quidem</strong></span> <span class='ocrx_word' id='word_1_144' title='bbox 535 3457 569 3524; x_wconf 91' lang='lat' dir='ltr'><strong>iu-</strong></span> <span class='ocrx_word' id='word_1_145' title='bbox 600 3453 743 3524; x_wconf 89' lang='lat' dir='ltr'><strong>alicuius</strong></span> <span class='ocrx_word' id='word_1_146' title='bbox 777 3452 912 3546; x_wconf 90' lang='lat' dir='ltr'><strong>linguae</strong></span> <span class='ocrx_word' id='word_1_147' title='bbox 942 3455 1086 3546; x_wconf 92' lang='lat' dir='ltr'><strong>primam</strong></span> <span class='ocrx_word' id='word_1_148' title='bbox 1114 3455 1216 3546; x_wconf 88' lang='lat' dir='ltr'><strong>origi·</strong></span> 
     </span>
     <span class='ocr_line' id='line_1_25' title="bbox 262 3572 1215 3669; baseline -0.001 -23"><span class='ocrx_word' id='word_1_149' title='bbox 262 3600 341 3646; x_wconf 92' lang='lat' dir='ltr'><strong>uem</strong></span> <span class='ocrx_word' id='word_1_150' title='bbox 374 3576 675 3669; x_wconf 81' lang='lat' dir='ltr'><strong>cognationemque</strong></span> <span class='ocrx_word' id='word_1_151' title='bbox 709 3599 788 3645; x_wconf 92' lang='lat' dir='ltr'><strong>cum</strong></span> <span class='ocrx_word' id='word_1_152' title='bbox 827 3577 998 3667; x_wconf 87' lang='lat' dir='ltr'><strong>primaevo</strong></span> <span class='ocrx_word' id='word_1_153' title='bbox 1037 3572 1215 3645; x_wconf 92' lang='lat' dir='ltr'><strong>homiuum</strong></span> 
     </span>
     <span class='ocr_line' id='line_1_26' title="bbox 265 3693 1216 3789; baseline 0.001 -23"><span class='ocrx_word' id='word_1_154' title='bbox 265 3719 418 3766; x_wconf 90' lang='lat' dir='ltr'><strong>sermone</strong></span> <span class='ocrx_word' id='word_1_155' title='bbox 441 3695 598 3789; x_wconf 89' lang='lat' dir='ltr'><strong>indagare</strong></span> <span class='ocrx_word' id='word_1_156' title='bbox 619 3704 658 3766; x_wconf 94' lang='lat' dir='ltr'><strong>ut</strong></span> <span class='ocrx_word' id='word_1_157' title='bbox 683 3719 743 3789; x_wconf 91' lang='lat' dir='ltr'><strong>per</strong></span> <span class='ocrx_word' id='word_1_158' title='bbox 761 3697 870 3765; x_wconf 90' lang='lat' dir='ltr'><strong>varios</strong></span> <span class='ocrx_word' id='word_1_159' title='bbox 888 3694 1013 3788; x_wconf 84' lang='lat' dir='ltr'><strong>gradus</strong></span> <span class='ocrx_word' id='word_1_160' title='bbox 1037 3693 1120 3764; x_wconf 92' lang='lat' dir='ltr'><strong>aliae</strong></span> <span class='ocrx_word' id='word_1_161' title='bbox 1149 3697 1216 3767; x_wconf 88' lang='lat' dir='ltr'><strong>siut</strong></span> 
     </span>
     <span class='ocr_line' id='line_1_27' title="bbox 263 3815 1215 3914; baseline -0.001 -28"><span class='ocrx_word' id='word_1_162' title='bbox 263 3823 468 3914; x_wconf 89' lang='lat' dir='ltr'><strong>propagatae</strong></span> <span class='ocrx_word' id='word_1_163' title='bbox 480 3839 519 3886; x_wconf 86' lang='lat' dir='ltr'><strong>ex</strong></span> <span class='ocrx_word' id='word_1_164' title='bbox 532 3815 605 3885; x_wconf 88' lang='lat' dir='ltr'><strong>aliis</strong></span> <span class='ocrx_word' id='word_1_165' title='bbox 615 3824 717 3909; x_wconf 89' lang='lat' dir='ltr'><strong>atque</strong></span> <span class='ocrx_word' id='word_1_166' title='bbox 728 3817 774 3886; x_wconf 92' lang='lat' dir='ltr'><strong>sic</strong></span> <span class='ocrx_word' id='word_1_167' title='bbox 787 3815 830 3884; x_wconf 92' lang='lat' dir='ltr'><strong>ad</strong></span> <span class='ocrx_word' id='word_1_168' title='bbox 839 3818 1215 3885; x_wconf 91' lang='lat' dir='ltr'><strong>communemomnium</strong></span> 
     </span>
     <span class='ocr_line' id='line_1_28' title="bbox 264 3935 1216 4031; baseline -0.004 -23"><span class='ocrx_word' id='word_1_169' title='bbox 264 3939 402 4031; x_wconf 89' lang='lat' dir='ltr'><strong>stirpem</strong></span> <span class='ocrx_word' id='word_1_170' title='bbox 414 3935 591 4029; x_wconf 88' lang='lat' dir='ltr'><strong>cogitando</strong></span> <span class='ocrx_word' id='word_1_171' title='bbox 601 3936 821 4025; x_wconf 83' lang='lat' dir='ltr'><strong>adscendere,</strong></span> <span class='ocrx_word' id='word_1_172' title='bbox 836 3945 910 4004; x_wconf 93' lang='lat' dir='ltr'><strong>turn</strong></span> <span class='ocrx_word' id='word_1_173' title='bbox 918 3935 1131 4028; x_wconf 88' lang='lat' dir='ltr'><strong>singulorum</strong></span> <span class='ocrx_word' id='word_1_174' title='bbox 1145 3959 1216 4004; x_wconf 91' lang='lat' dir='ltr'><strong>ver-</strong></span> 
     </span>
     <span class='ocr_line' id='line_1_29' title="bbox 262 4055 1219 4151; baseline -0.006 -23"><span class='ocrx_word' id='word_1_175' title='bbox 262 4059 386 4129; x_wconf 88' lang='lat' dir='ltr'><strong>borum</strong></span> <span class='ocrx_word' id='word_1_176' title='bbox 408 4058 551 4151; x_wconf 83' lang='lat' dir='ltr'><strong>origines</strong></span> <span class='ocrx_word' id='word_1_177' title='bbox 572 4058 713 4128; x_wconf 88' lang='lat' dir='ltr'><strong>scrutari</strong></span> <span class='ocrx_word' id='word_1_178' title='bbox 732 4056 1004 4150; x_wconf 87' lang='lat' dir='ltr'><strong>primitivamque</strong></span> <span class='ocrx_word' id='word_1_179' title='bbox 1018 4065 1051 4126; x_wconf 91' lang='lat' dir='ltr'><strong>et</strong></span> <span class='ocrx_word' id='word_1_180' title='bbox 1071 4055 1219 4125; x_wconf 89' lang='lat' dir='ltr'><strong>nativam</strong></span> 
     </span>
    </p>
   </div>
   <div class='ocr_carea' id='block_1_5' title="bbox 0 0 1561 4942">
    <p class='ocr_par' dir='ltr' id='par_1_5' title="bbox 0 0 1561 4942">
     <span class='ocr_line' id='line_1_30' title="bbox 0 0 1561 4942; baseline 0 0"><span class='ocrx_word' id='word_1_181' title='bbox 0 0 1561 4942; x_wconf 95' lang='lat' dir='ltr'><strong> </strong></span> 
     </span>
    </p>
   </div>
  </div>
 </body>
</html>
