3100 4942
744 490 820 564 154

430 714 505 804 χολὴ
528 709 557 777 δ’
579 710 674 789 ἐπέξει
696 708 842 801 καρδίην,
862 714 918 804 ἔφη
938 708 968 776 δ’
991 713 1100 790 οὕτως·

430 822 466 889 σὺ
489 822 541 912 μὲν
562 821 674 897 διώκεις
696 830 853 911 πανταχοῦ
875 850 911 909 με
933 823 982 890 καὶ
1003 826 1111 915 φεύγω.

428 934 509 1019 ἀλλ’,
531 929 555 999 ὦ
576 934 720 1022 (lynea,
743 940 792 998 νῦν
814 932 865 1021 μὲν
886 932 953 1019 οὐχὶ
976 943 1144 1027 χαιρήσεις,

428 1050 462 1113 ἤν
483 1068 530 1132 μοι
553 1043 717 1135 προσέλθῃς
739 1044 794 1107 καί
813 1065 840 1107 τι
862 1040 965 1135 γρύξαι
986 1044 1145 1136 τολμήσῃς.

427 1154 524 1231 ἄλλοις
546 1155 709 1233 ἀλωπέκιζε
730 1157 789 1229 τοῖς
810 1154 973 1245 ἀπειρήτσις
982 1208 995 1240 ,
1109 1133 1110 1136 Ἴ

428 1265 534 1339 ἄλλους
555 1262 590 1329 δὲ
612 1262 739 1349 βασιλεῖς
762 1261 916 1353 ὑπερέθιζε
938 1262 989 1328 καὶ
1011 1264 1094 1329 ποίει.

292 1376 327 1440 in
348 1373 397 1437 his
413 1374 491 1439 boni
510 1377 627 1459 poetae
645 1392 753 1435 versus
772 1370 982 1456 pulcherrimi
1001 1372 1172 1435 intermixti
1194 1382 1269 1436 sunt

294 1481 520 1567 desipientium
550 1476 785 1540 monachorum
815 1479 951 1561 ineptiis.
991 1480 1120 1544 Dudum
1139 1482 1271 1544 intelle-

295 1601 385 1657 ctum
407 1599 453 1653 est
470 1588 512 1652 ab
526 1586 679 1651 Dubnero
694 1586 886 1651 additicium
907 1609 973 1651 esse
986 1610 1111 1652 versum
1128 1590 1268 1652 tertium.

219 1756 229 1772 .
297 1701 482 1767 Confictum
502 1698 641 1761 arbitror
659 1696 702 1759 ab
720 1717 779 1771 eo,
799 1697 856 1781 qui
875 1696 1011 1761 haeserit
1028 1700 1061 1761 in
1076 1698 1179 1784 ἀλλά,
1202 1719 1271 1783 quo

295 1808 442 1875 inchoari
466 1805 654 1869 sententiam
675 1803 863 1867 mirahatur.
897 1806 936 1869 ln
955 1815 1090 1891 quarto,
1119 1808 1176 1891 qui
1197 1807 1273 1891 pul-

298 1920 475 1985 cherrimus
493 1926 559 1992 est,
594 1914 839 2001 corrigendum:
864 1918 931 1985 οὔτι,
939 1924 1108 2009 χαιρήσεις,
1131 1938 1206 1980 narn
1228 1918 1275 1980 sic

299 2030 401 2093 solent
422 2028 456 2089 in
479 2025 534 2088 teli
559 2044 591 2087 re
618 2032 748 2087 veteres.
792 2024 932 2103 Quintus
953 2036 999 2089 est
1023 2026 1273 2111 supposuimus,

297 2137 389 2227 quod
413 2136 463 2199 vel
491 2153 529 2197 ex
553 2143 656 2197 metro
682 2154 841 2218 apparere
861 2145 983 2220 potest,
1019 2157 1095 2199 nam
1122 2136 1181 2220 qui
1205 2135 1277 2196 illos

299 2244 531 2315 choliembioos
550 2261 658 2303 versus
679 2240 856 2325 opinantur
884 2242 917 2305 in
939 2241 1021 2305 duos
1041 2242 1204 2326 spondeos
1224 2262 1276 2304 sa·

245 2423 247 2428 .
298 2359 339 2422 tis
360 2366 446 2420 recte
468 2352 552 2417 exire
567 2370 659 2436 posse
681 2348 811 2435 decepti
830 2359 905 2412 sunt
926 2351 1005 2413 locis
1023 2350 1186 2434 corruptis
1205 2350 1275 2425 vel,
1295 2417 1300 2425 ⁸

299 2476 336 2530 ut
358 2466 398 2529 in
420 2462 539 2525 Babrio
566 2458 694 2535 dibeo,
726 2460 896 2522 manifesto
923 2460 1056 2543 spuriis3
1086 2459 1161 2521 satis
1189 2458 1275 2520 enim

299 2572 406 2637 mirari
438 2590 504 2633 non
524 2588 672 2653 possum,
705 2585 773 2651 quo
794 2576 895 2649 pacto
922 2568 1007 2631 viros
1034 2567 1149 2632 doctos
1177 2569 1280 2631 latere

296 2680 440 2772 potuerit
461 2678 614 2741 maiorem
637 2684 764 2761 partem
785 2694 915 2751 eorum,
947 2697 1033 2761 quae
1054 2698 1094 2741 ex
1115 2698 1201 2741 novo
1224 2697 1277 2739 co·

301 2793 375 2859 dice
395 2788 604 2875 prodierunt,
636 2784 678 2851 ab
698 2782 866 2848 Graeculis
883 2787 1067 2871 magistellis
1086 2795 1143 2849 aut
1163 2784 1296 2847 mona?

301 2902 371 2969 chis
393 2919 458 2963 esse
474 2895 685 2982 suppositam.
720 2892 903 2958 Ostendent
924 2894 988 2958 hoc
1010 2894 1141 2957 dicendi
1156 2893 1278 2955 loedis·

301 3010 379 3073 sima
396 3008 493 3080 vitia,
512 3024 598 3089 quae
615 3002 862 3067 abiectissimam
884 3014 1024 3089 arguunt
1045 3001 1280 3065 Graecitatems

300 3119 377 3185 vitia
403 3115 553 3188 metrica,
581 3131 668 3196 quae
691 3112 810 3195 partim
830 3109 1076 3173 Lachmannum
1103 3116 1134 3169 et
1159 3108 1279 3169 amicos

300 3226 469 3311 fugerunt,
491 3218 609 3304 partim
626 3236 685 3302 per
699 3216 762 3279 vim
773 3215 900 3279 sublata
912 3226 999 3279 sunt:
1020 3216 1162 3301 ineptiae
1177 3238 1278 3301 quam

302 3332 462 3419 plurimae
480 3338 512 3391 et
533 3326 653 3391 indicia
674 3324 856 3408 quaedam,
881 3323 968 3387 unde
995 3323 1191 3387 Christianos
1220 3345 1280 3386 an·

303 3452 409 3507 ctores
421 3458 587 3526 agnoscas.
610 3436 674 3515 Qui
695 3455 770 3496 eum
780 3434 847 3497 istis
863 3443 1037 3519 componet
1051 3432 1207 3519 genuinas
1221 3432 1280 3494 Ba-

303 3550 364 3613 brii
386 3548 555 3633 reliquias,
588 3554 619 3607 et
641 3543 771 3607 aliunde
795 3544 948 3605 collectas
969 3552 1000 3604 et
1021 3543 1054 3605 in
1076 3541 1125 3603 his
1145 3540 1283 3603 subinde

303 3658 520 3745 pellucentes,
543 3653 723 3717 suavissima
745 3662 776 3714 et
787 3671 860 3714 vere
877 3649 988 3713 Ionica
1004 3649 1150 3712 oratione
1167 3668 1279 3711 nume·

303 3786 374 3831 rose
391 3773 423 3827 et
439 3762 539 3826 nitide
556 3762 763 3848 compositas,
784 3760 872 3824 sacili
885 3758 1015 3845 negotio
1027 3756 1204 3842 comperiet
1214 3774 1282 3818 non

303 3883 430 3937 tantum
447 3872 633 3959 epimytlria
651 3869 802 3934 absurda
816 3890 887 3933 esse
904 3876 936 3932 et
955 3869 1113 3954 imperite
1132 3868 1278 3951 scripta,

301 3981 348 4055 de
370 4001 447 4068 qua
463 4001 498 4045 re
519 3988 644 4047 constat
666 3981 749 4045 inter
761 3998 893 4053 omnes,
917 3976 973 4039 sed
991 3976 1087 4061 longe
1109 3974 1280 4037 maximam
