3100 4942
709 589 732 664 5

238 813 362 904 lerent,
383 815 480 884 etiam
500 813 675 884 hisveluti
696 813 901 886 ornamentis
925 837 1023 884 suam
1047 817 1191 910 quisque

238 936 409 1006 scientiam
434 935 696 1007 condecorarent
721 929 755 1008 et
779 937 1001 1007 amoeniorem
1028 934 1191 1007 facerent:

238 1055 296 1127 sed
323 1080 391 1126 rem
419 1078 490 1126 esse
516 1056 667 1126 immensi
692 1057 803 1150 operis
829 1079 939 1149 neque
959 1056 994 1125 in
1015 1056 1079 1126 hac
1104 1056 1202 1153 vitae!

236 1164 398 1249 brevitate
420 1200 601 1270 rerumque
626 1175 904 1246 addiscendarum
930 1198 1039 1272 prope
1059 1176 1190 1247 infinita

235 1298 332 1392 copia
374 1295 522 1367 eiusdem
556 1296 700 1366 hominis
729 1319 802 1367 esse
839 1307 1019 1391 utramque
1053 1295 1189 1366 laudem

234 1419 448 1512 coniungere.
497 1413 670 1503 Praeterea
692 1417 836 1508 multos,
862 1441 949 1511 quos
968 1417 1073 1488 literis
1096 1415 1188 1486 vide·

237 1548 295 1608 ant
316 1537 397 1607 dare
422 1562 558 1633 operam
585 1540 688 1633 inque
710 1539 750 1608 iis
776 1540 879 1608 vitam
901 1547 1009 1609 terere
1035 1535 1097 1606 sibi
1122 1561 1191 1608 non

233 1656 339 1727 videri
363 1656 398 1725 id
422 1665 610 1748 assecutos,
636 1657 730 1750 quod
756 1653 896 1754 reliquis
926 1655 1079 1751 polliceri
1098 1654 1188 1725 sole-

234 1785 307 1846 ant:
327 1776 507 1872 plerosque
527 1778 562 1846 in
582 1779 731 1848 minutiis
749 1760 977 1873 futilibusque
997 1776 1188 1870 quisquiliis

233 1895 388 1988 haerere,
421 1919 506 1991 quas
530 1921 593 1991 pro
616 1896 718 1968 rebus
735 1898 904 1990 quantivis
927 1898 1025 1993 pretii
1050 1907 1085 1967 et
1114 1897 1187 1967 aliis

235 2025 270 2087 et
294 2015 427 2087 sibimet
453 2017 533 2112 ipsis
560 2016 741 2087 venditent.
791 2014 866 2089 Non
896 2020 974 2089 setis
1005 2040 1187 2111 apparere,

235 2138 303 2206 imo
329 2135 466 2205 veroin
495 2134 670 2204 nonnullis
694 2134 795 2228 plene
819 2134 934 2207 deesse
960 2137 1064 2208 videri
1089 2140 1189 2210 illum

235 2256 336 2326 animi
358 2250 548 2347 ingeniique
572 2250 724 2339 cultum,
754 2275 855 2344 quem
886 2254 960 2325 iure
985 2254 1078 2326 illius
1106 2256 1189 2328 doc·

234 2380 341 2448 trinae
366 2374 517 2444 fructum
542 2373 800 2466 exspectaveris,
834 2398 922 2467 quae
946 2374 1188 2469 praecaeteris

234 2495 392 2568 omnibus
426 2493 563 2589 pulchri
596 2494 734 2587 verique
766 2517 901 2566 sensum
940 2498 976 2569 in
1011 2499 1188 2571 hominum

233 2615 352 2686 animis
382 2614 541 2702 excitare,
573 2612 825 2706 excitatumque
855 2614 943 2684 alere
971 2627 1006 2688 et
1028 2619 1189 2690 corroba-

233 2760 308 2806 rare
324 2757 421 2831 posse
439 2734 588 2803 dicatur:
610 2741 726 2802 contra
748 2734 782 2803 in
806 2758 922 2805 eorum
940 2742 1187 2810 commentariis
1260 2786 1263 2791 -

235 2857 382 2924 nativam
410 2855 628 2947 antiquorum
659 2855 907 2948 simplicitatem
939 2857 1188 2954 pulchramque

230 2972 400 3067 cogitandi
425 2973 655 3067 loquendique
671 2977 883 3046 serenitatem
901 2985 1075 3071 tamquam
1093 2980 1187 3052 nube

234 3093 409 3165 obscurari
434 3091 600 3187 obruique
623 3095 786 3189 indigesta
808 3120 938 3187 rerum,
965 3121 1064 3193 saepe
1087 3101 1188 3171 etiam

233 3211 440 3304 verborum,
477 3214 703 3307 abundantia,
744 3237 832 3310 quae
873 3217 1013 3290 studiosi
1053 3221 1189 3290 lectoris

232 3334 383 3403 animum
426 3332 542 3428 fatiget
578 3333 773 3429 lassumque
810 3345 844 3406 et
881 3336 1042 3410 obtusum
1082 3340 1186 3410 relin-

231 3462 326 3546 quat.

282 3573 383 3644 Hisce
416 3595 455 3641 ac
485 3569 612 3641 talibus
636 3570 765 3640 voculis
787 3580 820 3642 et
842 3574 989 3666 querelis
1016 3599 1078 3669 pro
1099 3585 1185 3648 tem·

132 3744 134 3747 ψ
233 3718 317 3790 pore
347 3717 478 3787 proque
510 3693 675 3786 cuiusque
702 3693 836 3785 ingenio
865 3718 1024 3789 reponere
1055 3695 1208 3791 aliquid‘

232 3840 301 3887 non
321 3824 392 3886 erat
418 3812 600 3882 admodum
624 3811 772 3883 difficile.
807 3814 960 3908 Namque
983 3815 1096 3909 inique
1116 3839 1185 3886 om·

232 3934 334 4006 nibus
357 3933 580 4025 obiiciuntur,
606 3957 694 4027 quae
718 3935 870 4028 imperite
895 3943 929 4005 et
952 3937 1065 4030 inepte
1091 3961 1186 4008 com·

233 4056 416 4126 mittuntur
440 4077 458 4122 a
483 4053 609 4148 paucis.
659 4052 835 4126 Latissime
861 4064 955 4150 patet
978 4055 1186 4150 Philologiae
