3100 4942
722 555 825 649 'ao

327 823 406 896 pere
426 793 609 892 ¹aliquando
631 795 825 866 audendum
846 803 912 884 est,
938 804 972 865 et
994 792 1279 889 quemadmodum

327 919 393 989 boc
413 917 542 1009 magnis
557 915 667 1010 politis
686 913 917 985 condonamus
936 913 1111 1003 lubenter,
1137 916 1198 1008 qui
1223 916 1277 987 vel
1379 904 1381 909 ¹

327 1041 361 1107 in
384 1037 449 1106 hoc
463 1038 536 1129 ipso
553 1033 819 1128 dithyrambicae
838 1033 993 1102 dictionis
1010 1040 1131 1103 ornatu
1146 1033 1280 1104 verbis·
1346 1053 1351 1067 ·

328 1180 395 1248 que
413 1155 541 1224 sonoris
558 1153 603 1222 ita
622 1151 776 1222 afficiunt
790 1153 933 1243 animno,
960 1160 1000 1222 ut
1016 1153 1133 1223 eodem
1150 1155 1280 1248 impetu

179 1345 182 1354 ,
236 1362 238 1367 .
328 1276 501 1369 rapiamur
520 1272 709 1361 audientes,
732 1273 880 1341 siccum
903 1279 1077 1342 contemtu
1101 1271 1278 1344 abiiciendi

330 1397 394 1466 isti·
412 1401 506 1482 sunt,
541 1393 600 1486 qui
634 1391 725 1460 inani
746 1389 927 1460 verborum
955 1392 1099 1486 strepitu
1125 1396 1279 1464 incautos

327 1525 361 1586 et
383 1513 556 1607 imperitos
592 1511 708 1581 fallere
736 1518 897 1605 possunt,
927 1508 1111 1604 prudentes
1137 1521 1171 1584 et
1198 1515 1283 1583 anti·

328 1657 476 1731 quorum
500 1657 621 1728 gnaros
643 1657 712 1702 non
733 1641 894 1727 possunt3
920 1631 962 1700 ad
987 1631 1053 1702 hoc
1075 1632 1186 1736 solum
1213 1633 1281 1702 uti·

325 1758 390 1847 les,
417 1764 456 1824 ut
481 1755 567 1822 tristi
587 1751 792 1821 documento
820 1757 950 1822 constet
977 1751 1120 1843 posteris
1143 1776 1183 1821 ex
1209 1775 1279 1844 quo

327 1877 459 1969 fastigio
497 1871 539 1942 ad
576 1895 680 1966 quam
712 1870 877 1940 abiectam
904 1870 1099 1940 futilitatem
1127 1872 1280 1966 populus

245 1991 250 2004 ’
291 1973 297 1985 .
325 2010 417 2069 unus
454 1993 605 2063 omnium
644 1989 930 2084 ingeniosissimus
969 1992 1089 2060 amissa
1123 1990 1278 2063 libertate

323 2114 544 2206 moribusque
557 2113 592 2181 in
609 2136 742 2183 omnem
756 2113 953 2205 spurcitiem
970 2113 1139 2207 corruptis
1163 2111 1276 2182 delabi

323 2235 482 2333 potuerit.

373 2356 478 2426 Venio
503 2378 597 2425 nuno
621 2351 664 2422 ad
684 2351 891 2445 Philologiae
910 2361 1041 2448 partem
1064 2353 1164 2448 longe
1187 2354 1278 2426 diffi-

324 2475 486 2546 cillimam
505 2473 607 2544 simul
626 2482 660 2542 et
678 2473 993 2567 praeclarissimam,
1019 2476 1077 2544 cui
1099 2477 1179 2568 quia
1198 2501 1277 2572 spu·

321 2599 370 2666 ria
395 2621 413 2665 a
440 2597 609 2689 genuinis,
636 2602 771 2664 sancet
797 2596 965 2665 sineeraa
997 2598 1120 2667 vitiosis
1145 2605 1180 2666 et
1200 2621 1277 2668 cor·
1364 2668 1367 2670 ,

322 2717 432 2811 ruptis
478 2712 659 2784 iudicando
694 2711 852 2782 disceruit
889 2738 1011 2786 nomen
1047 2716 1170 2786 Critica
1214 2726 1276 2788 est.

323 2837 441 2906 Variae
474 2858 605 2929 semper
639 2832 680 2903 de
711 2833 776 2903 hac
812 2835 882 2904 sive
914 2846 986 2906 arte
1019 2839 1087 2907 sivc
1118 2837 1280 2910 facultate

325 2957 467 3027 fuerunt
490 2953 666 3022 hominum
690 2951 874 3045 opiniones.
912 2952 951 3022 ln
984 2979 1052 3048 qua
1074 2954 1148 3025 aliis
1170 2959 1279 3028 omnis

324 3076 473 3150 liberalis
494 3072 666 3142 doctrinae
688 3069 857 3162 fastigium
878 3074 1027 3164 positum
1049 3097 1121 3145 esse
1141 3076 1279 3149 videba-

325 3210 401 3285 tur,
434 3195 522 3263 banc
548 3188 603 3257 alii
626 3195 685 3255 aut
711 3193 751 3256 ut
776 3211 846 3256 rem
871 3188 979 3260 levem
1011 3200 1045 3262 ct
1069 3193 1104 3262 in
1129 3197 1281 3272 minutiis

326 3321 518 3390 haerentem
544 3303 805 3378 contemnebant
833 3317 893 3376 aut
916 3316 1087 3403 tamquam
1111 3315 1199 3386 nulli
1228 3322 1276 3391 rei

329 3445 522 3535 parcentem
549 3436 741 3519 certamque
768 3434 802 3497 et
826 3427 1052 3502 venerabilem
1072 3436 1279 3528 antiquitatis

328 3556 573 3628 auctoritatem
587 3557 712 3619 temere
733 3555 767 3617 et
799 3549 914 3620 insane
937 3553 1182 3626 convellentem
1202 3558 1281 3632 odio

331 3684 366 3749 et
386 3677 435 3743 ira
459 3667 759 3766 persequebantur.
796 3667 958 3762 Equidem
979 3697 1072 3743 nunc
1096 3677 1187 3770 apud
1207 3680 1281 3773 ple.

333 3817 458 3887 rosque
481 3790 565 3860 duas
593 3788 806 3884 potissimum
835 3785 928 3858 video
953 3789 1064 3861 valere
1091 3797 1280 3892 opiniones,

332 3921 465 3989 inanem
485 3921 680 4005 utramque,
707 3912 756 3980 uti
777 3911 907 4004 opinor.
957 3912 1045 3984 Sunt
1067 3918 1193 4010 quibus
1218 3926 1284 3994 cri-

336 4039 402 4108 tica
436 4056 490 4106 ars
515 4033 667 4105 videatur
690 4032 882 4127 ingeniosus
907 4041 941 4105 et
964 4036 1173 4131 perdifficilis
1195 4066 1284 4114 acu-
