3100 4942
778 535 827 606 54

321 775 442 843 operae
466 754 605 840 pretium
630 760 676 814 est
698 750 882 816 adscribere
904 751 959 814 hie
979 751 1046 815 iilic
1065 754 1166 837 paulo
1187 775 1300 822 ernen-

325 865 492 928 daiiorem.
526 863 580 928 Ἐν
595 863 653 934 τοῖς
668 858 825 948 Φιλήμονος
845 861 1015 948 συμμίκτοις
1034 861 1100 952 περὶ
1119 863 1302 955 Ἡροδοτείου

326 971 534 1063 διορθώματος
564 971 578 1034 ὁ
610 968 814 1062 γραμματικὸς
849 966 1048 1054 διαλεγόμενος
1082 983 1217 1062 πειρῶται
1252 976 1302 1042 καί

327 1081 474 1174 Όμηροιά
497 1104 560 1147 τινα
587 1077 761 1171 σαρηνίζειν.
787 1075 871 1142 οὐδὲν
889 1074 924 1141 δὲ
950 1079 1046 1167 χεῖρον
1067 1077 1116 1141 καί
1142 1079 1189 1144 τὸν
1209 1082 1296 1175 Ηρό-

324 1187 412 1254 δοτον
441 1189 569 1281 ριλοῦυτί
596 1209 642 1250 σοι
676 1188 729 1255 τὴν
764 1196 868 1250 πάσαν
902 1190 951 1249 τοῦ
988 1182 1094 1275 άνδρός
1120 1189 1302 1282 α’ναγράψαι

311 1307 458 1379 Ιζήτησιν.
479 1295 547 1392 ρησί
566 1297 626 1387 γάρ
639 1300 687 1395 ’ὅτι
709 1293 739 1358 ἐν
754 1304 791 1382 τῇ
813 1297 915 1383 πρῶτρ
935 1293 1092 1385 Ἡρόδοτος
1113 1306 1170 1362 τῶν
1186 1301 1301 1390 ἱςοριῶν

324 1407 393 1498 περί
410 1410 535 1500 Κροίσου
554 1413 605 1472 τοῦ
620 1403 725 1472 Λυδοῦ
745 1404 841 1471 πολλά
865 1429 897 1469 τε
918 1403 997 1468 ἄλλα
1018 1401 1175 1472 διείλεκται
1192 1409 1242 1474 καί
1258 1409 1300 1484 δὴ

322 1518 373 1583 καί
402 1523 446 1584 ὅτι
471 1518 677 1604 θεοσεβέςατός
703 1540 735 1582 τε
767 1519 876 1605 γένοιτο
906 1515 954 1579 καὶ
981 1514 1150 1607 διαπρεπῶς
1174 1527 1298 1605 τιμήσειε

323 1628 363 1692 τὰ
387 1626 544 1697 Ἑλληνικά
563 1629 689 1715 μαντεῖα
711 1629 750 1692 τὰ
771 1624 801 1688 ἐν
829 1624 948 1717 Δελροῖς
957 1678 971 1711 ,
994 1626 1034 1690 τὰ
1059 1622 1088 1689 ἐν
1110 1627 1243 1714 Θήβαις,
1267 1631 1301 1696 τὸ

323 1740 375 1800 τοῦ
394 1734 575 1824 Ἀμμωνος,
600 1735 632 1798 τὸ
656 1741 707 1800 τοῦ
723 1734 926 1830 Ἀμφιαράου.
948 1735 1055 1800 τούτων
1074 1735 1124 1822 μὲν
1141 1735 1182 1807 δὴ
1199 1737 1298 1814 ἄλλοις

322 1842 404 1907 ἄλλοι
425 1845 541 1932 πέμψαι
560 1844 660 1934 δῶρα.
686 1845 815 1920 οἰυέὲιηκε
839 1842 874 1910 δέ
893 1868 956 1909 τινα
982 1842 1032 1906 καὶ
1060 1842 1098 1907 ἐν
1128 1847 1152 1909 Β
1161 1848 1297 1936 ραγχί·

322 1951 414 2044 δῃσι
447 1964 534 2041 τῇσι
567 1953 772 2029 Μιλησίων
810 1956 849 2038 (1.
882 1953 941 2037 29)
975 1952 1026 2032 καί
1056 1955 1222 2044 γέγραπται
1258 1957 1300 2030 δὴ

323 2065 403 2129 κατὰ
432 2068 532 2130 πάντα
559 2065 662 2139 ἁπλῶς
692 2066 731 2131 τὰ
760 2066 927 2156 οἰντίγραρα
954 2064 986 2129 τδ
1015 2075 1080 2139 τῆς
1105 2069 1217 2159 ἄρθρον
1245 2069 1300 2157 σὺν

322 2181 366 2260 τῷ
392 2173 465 2238 ἰῶτα
495 2170 687 2261 ἰσοδυναμοῦν
717 2183 760 2264 τῷ
795 2178 893 2249 ταῖς.
935 2175 1072 2259 (Nempe
1101 2176 1301 2240 scribebatur

321 2280 419 2344 THCI
441 2283 557 2346 omisso
579 2283 653 2348 ἰῶτα
671 2285 838 2369 adscripto
859 2293 895 2346 ut
917 2284 1097 2366 saepissime
1117 2286 1150 2345 in
1168 2287 1302 2370 papyris

321 2391 628 2477 Herculanensibus)
651 2391 755 2458 οὐδένα
776 2418 810 2480 γε
828 2396 886 2480 μὴν
900 2392 1047 2462 Ἐλλήνων
1065 2390 1217 2480 ὑπομεῖναι
1235 2395 1294 2463 θη-

321 2498 417 2572 λυκῶς
455 2498 525 2574 τοίς
569 2501 805 2593 Βραγχίδας
845 2504 881 2568 διν
922 2503 1021 2567 εἰπεῖν.
1066 2500 1226 2593 Ἡρόδοτον
1259 2503 1295 2569 δὲ

321 2605 436 2695 μᾶλλον
459 2605 495 2671 διν
519 2609 623 2702 ἑτέρων
651 2610 866 2702 φυλάξασθαι,
890 2612 1002 2702 α’κριβῆ
1025 2636 1057 2676 τε
1079 2616 1148 2676 ὅντα
1171 2612 1236 2703 περί
1258 2615 1298 2678 τά

322 2714 452 2804 ὀνόματα
483 2710 638 2784 καίπάνυ
667 2718 796 2791 ἐπιεικῶς
826 2721 1016 2811 ρροντιςικόν.
1046 2724 1129 2783 τοῦτο
1151 2717 1189 2789 δὴ
1213 2720 1298 2812 θερα-

322 2825 416 2890 πεύων
438 2847 480 2898 τις
510 2824 706 2908 (Alexander
721 2825 927 2911 cotyaensis,
955 2837 990 2890 ιιι
1011 2850 1085 2890 mox
1105 2828 1296 2912 apparebit,

323 2934 416 3020 quod
438 2935 547 2997 nescio
577 2936 745 3019 quomodo
779 2936 861 3022 sugit
891 2935 1056 2998 Lehrsium
1085 2936 1118 2997 in
1149 2935 1295 3016 Quaestt.

323 3040 445 3126 Epicis)
464 3039 520 3128 οὐχ
542 3040 702 3132 Ἡροδότου
721 3041 806 3134 φησὶν
827 3045 993 3132 ἁμάρτημα
1016 3047 1180 3132 γεγονέναι,
1204 3045 1297 3131 μάλ·

325 3149 387 3215 λον
417 3147 459 3214 δὲ
490 3151 552 3215 τὸν
582 3152 732 3242 γραρέα
762 3151 854 3244 ρησί
884 3149 1121 3241 διαμαρτεῖν
1154 3175 1295 3241 παρεμ-

327 3256 497 3344 βαλόντα
520 3258 560 3323 τὸ
590 3259 698 3324 ἰῶτα.
729 3259 926 3326 πολλὰδὲ
959 3261 1151 3351 φέρεσθαι
1180 3262 1298 3351 μέχρι

325 3372 387 3432 νῦν
419 3369 691 3460 ἁμαρτήματα
723 3371 825 3433 κατὰ
859 3373 926 3440 τὴν
966 3366 1175 3461 Ἡροδότου
1209 3393 1295 3458 συγ-

325 3477 475 3568 γραρίιν
505 3475 570 3540 καί
592 3480 648 3543 ἔτι
672 3481 739 3550 τὴν
762 3477 1015 3546 Θουκυδίδου
1042 3475 1106 3542 καί
1133 3470 1299 3552 Φιλίςου

326 3581 386 3648 καί
410 3591 483 3649 τῶν
506 3585 634 3671 ἄλλων
658 3585 873 3674 ἀξιολόγων
896 3588 1160 3678 συγγραφέων.
1188 3589 1224 3652 τί
1243 3585 1297 3672 ae,-

324 3690 414 3779 οἰιχί
437 3691 499 3756 καί
532 3695 578 3758 τὰ
608 3703 810 3783 ποιήματα
832 3696 976 3783 σχεδὸν
998 3696 1179 3760 ἀνάπλεω
1206 3701 1298 3760 πάν·

325 3824 370 3866 τα
414 3807 603 3890 τυγχάνει
646 3808 943 3897 ἁμαρτημάτων
987 3814 1190 3896 γραρικῶν
1233 3804 1299 3870 καί

324 3917 396 3976 τῶν
427 3910 554 3977 ἄλλων
593 3911 1003 4008 παράδιορὲωμάτων
1033 3917 1133 3978 πάνυ
1167 3914 1296 4006 ἀγροί-

321 4045 404 4086 κων.
431 4021 480 4088 καί
502 4029 550 4090 ἰνα
576 4025 616 4110 μίι
638 4025 797 4115 περαιτέρω
820 4048 863 4098 τις
882 4023 1045 4116 προβαίνων
1066 4021 1172 4111 ἐνοχλῇ
1189 4020 1298 4112 διερευ-
