3100 4942
757 600 796 680 9.

296 825 391 895 nium
428 823 585 895 incuriosi
619 821 785 916 primum,
821 822 963 914 deinde,
1006 829 1056 897 uti
1093 831 1133 902 fit
1166 859 1245 907 cre.

298 956 412 1016 scente
443 955 628 1039 potestate,
668 945 805 1040 superbi
839 955 1079 1040 contemtores,
1114 976 1246 1046 pauco·
1326 972 1330 978 '

297 1091 374 1136 rum
412 1064 618 1165 verborum,
670 1065 730 1133 toti
774 1063 876 1134 rebus
915 1073 1050 1138 strenue
1089 1076 1243 1164 gerendis

296 1183 414 1252 intenti
437 1180 625 1249 facundiam
646 1181 913 1275 elegantiamque
931 1184 1077 1277 dicendi,
1104 1190 1247 1266 levitatis

296 1302 421 1372 scilicet
432 1301 611 1390 indicium,
626 1310 738 1371 truces
751 1301 1051 1397 adspernabantur.
1065 1308 1247 1386 lonescon-

272 1413 276 1418 ¹
294 1432 346 1493 tra
359 1424 467 1511 acuti,
488 1422 650 1512 mobiles,
663 1431 856 1513 novatores,
875 1427 1018 1516 garruli,
1040 1430 1085 1498 ita
1097 1455 1166 1504 sese
1179 1441 1245 1529 pri-

293 1565 367 1612 mos
384 1543 535 1612 omnium
559 1541 735 1623 hominnm
756 1563 827 1609 esse
846 1543 1076 1636 postulantes,
1099 1560 1138 1619 ut
1159 1577 1247 1647 quae

216 1683 220 1690 ’
295 1661 423 1755 ubique
435 1669 544 1732 essent
557 1657 701 1756 pulchra
721 1659 812 1754 apud
831 1683 903 1731 sese
918 1662 1113 1756 pulchriora
1130 1682 1244 1744 exsta-

294 1791 378 1852 rent.
420 1781 609 1875 lngenitum
629 1780 694 1849 hoc
714 1779 898 1872 elegantiae
919 1782 1068 1854 studium
1093 1789 1257 1876 instituta¹

293 1900 532 1972 incendebant:
555 1897 647 1992 apud
662 1899 871 1990 ingeniosum
887 1901 1056 1995 populum
1071 1907 1246 1992 audiendi,-

296 2045 363 2114 que
384 2021 640 2115 cupidissimum
659 2043 728 2088 non
750 2030 822 2090 erat
839 2021 903 2090 alia
922 2023 997 2094 laus
1018 2029 1124 2098 maior
1142 2057 1245 2125 quam

295 2140 465 2234 eleganter
495 2145 677 2233 ornateque
708 2139 856 2208 dicendi:
886 2141 1063 2215 facundiae
1086 2153 1247 2241 patebant

293 2262 416 2330 omnia.
466 2260 595 2330 Dorum
629 2260 733 2351 igitur
762 2281 860 2351 aspra
895 2269 929 2328 et
965 2263 1110 2336 incomta
1140 2277 1247 2346 oratio

292 2380 410 2450 rudem
447 2379 687 2472 horridamque
722 2380 956 2472 antiquitatem
993 2393 1063 2454 tota
1101 2389 1247 2467 referens

290 2500 445 2570 militiam
469 2500 641 2593 durosque
664 2499 797 2570 labores
817 2502 944 2594 spirare
963 2505 1106 2578 videtur.
1143 2511 1247 2607 Apud

292 2621 422 2692 Atticos
447 2619 555 2691 laetus
582 2644 794 2692 summorum
824 2624 1034 2714 ingeniorum
1064 2644 1247 2722 proventus

292 2741 440 2835 patrium
467 2763 655 2810 sermonem
682 2739 724 2808 ad
749 2739 838 2808 illud
865 2745 974 2812 evexit
995 2745 1179 2840 fastigium,
1207 2765 1246 2823 ut

292 2862 377 2932 nihil
403 2885 566 2954 umquam
589 2860 709 2930 viderit
729 2859 915 2931 humanum
937 2889 1062 2957 genus,
1088 2873 1182 2962 quod
1202 2876 1245 2945 ad

292 2982 387 3052 illam
412 2984 561 3076 copiam,
584 2983 746 3069 nitorem,
770 2982 1051 3073 magnificentiam
1073 3014 1150 3061 cum
1175 2995 1245 3066 ele.

291 3103 383 3196 ganti
406 3102 618 3195 simplicitate
642 3110 676 3172 et
701 3099 880 3171 sobrietate
903 3105 1118 3178 coniunctam
1140 3117 1246 3205 possit

290 3223 488 3316 comparari.
513 3222 568 3290 'ln
593 3246 630 3290 ea
656 3231 768 3291 tamen
796 3246 832 3291 re
861 3223 981 3293 Graeci
1005 3237 1131 3300 veteres
1162 3258 1246 3305 con·

294 3342 422 3436 spirant
451 3362 565 3409 omncs
598 3349 636 3408 ut
668 3349 824 3410 naturam
852 3355 1038 3437 sequantur
1068 3359 1102 3419 et
1129 3354 1245 3422 cuius·

291 3485 426 3555 cunque
458 3461 525 3530 sint
557 3462 693 3554 originis
721 3468 782 3532 sai
817 3469 915 3561 sint,
951 3466 1033 3537 adeo
1066 3480 1104 3540 ut
1137 3474 1245 3565 quid-

292 3582 375 3676 quid
412 3582 535 3651 faciant
568 3590 627 3651 aut
656 3582 842 3676 loquantur
881 3609 922 3654 ex
963 3588 1095 3679 ingenio
1135 3596 1244 3684 gentis

291 3711 411 3796 sponte
435 3713 551 3772 natum
582 3725 753 3796 agnoscas.
801 3702 914 3799 Atque
944 3705 1026 3775 haec
1056 3718 1106 3778 est
1134 3716 1243 3805 prima

291 3825 408 3893 Graeci
446 3825 606 3893 sermonis
635 3833 746 3914 aetas,
773 3826 809 3894 in
835 3817 903 3919 qna
930 3851 954 3903 a,
978 3829 1169 3920 primordiis
1198 3835 1240 3904 ad

290 3945 443 4013 amissam
472 3943 661 4014 libertatem
689 3946 805 4040 lingna
839 3949 992 4039 vivebat,
1026 3951 1074 4018 nil
1106 3953 1141 4020 in
1171 3977 1242 4025 sese

288 4057 467 4136 admittens
489 4066 552 4136 nisi
583 4067 676 4159 quod
707 4091 827 4139 sonum
852 4056 1156 4167 incorruptumque
1180 4096 1238 4157 es-
