3100 4942
764 537 814 609 86

288 766 437 852 legerim:
472 758 522 825 καί
551 758 612 848 γὰρ
649 758 689 831 ὡς
720 755 753 821 οὐ
784 758 963 841 κατεμήνυσε
990 761 1048 821 τῶν
1076 753 1196 847 ἀνδρῶν
1222 778 1268 807 ’-

291 874 416 940 θανοίτον
437 868 490 934 οὐκ
509 866 546 930 ἂν
566 862 684 931 δύναιτο
708 860 846 930 οὐδέποτε
868 859 1039 940 ἀποδεῖξαι.
1080 863 1134 928 Sic
1161 884 1266 949 appa·

291 990 338 1048 ret
361 976 444 1065 quid
469 976 655 1061 peccaverit
683 983 848 1037 corrector
870 982 977 1045 vetus,
1004 974 1061 1058 qui
1086 995 1189 1058 quum
1216 974 1271 1039 καί

290 1083 452 1154 nonsatis
476 1091 647 1167 appareret
670 1081 826 1145 audacter
845 1078 897 1145 dei
917 1081 978 1170 γὰρ
1001 1080 1087 1147 αὑτὸν
1110 1080 1267 1161 ἀποδεῖξαι

290 1193 426 1259 infersit.
461 1190 558 1255 Aliud
579 1192 762 1277 exemplum
783 1190 862 1253 milri
881 1191 989 1255 videre
1005 1193 1118 1256 videor
1135 1193 1170 1256 in
1190 1194 1267 1259 loco

292 1301 427 1389 pessime
452 1297 565 1362 habito
589 1323 625 1385 p.
648 1300 710 1363 112
738 1297 828 1383 (270.
852 1297 905 1384 Β.)
935 1307 1051 1391 πρῶτον
1076 1301 1127 1391 μὲν
1147 1295 1195 1367 οὖν
1216 1309 1265 1369 ἵνα

291 1416 398 1499 μήτις
422 1405 503 1495 ὑμῶν
524 1411 611 1495 τοίχα
636 1404 676 1477 δὴ
702 1404 824 1491 βοηθῶν
851 1404 890 1482 οἷς
913 1404 1100 1500 ἐξημάρτηκε
1128 1414 1267 1502 πρόφασιν

290 1518 444 1611 πορίσηται
467 1523 517 1591 τῆς
538 1516 686 1609 ἁμαρτίας
711 1516 824 1583 εἰπάτω
845 1515 887 1591 τίς
908 1515 990 1606 ὑμῶν
1012 1518 1062 1587 ὑπ’
1080 1518 1152 1609 ἐμοῦ
1170 1529 1267 1598 κακῶς

290 1628 413 1699 ἀκήκοεν
438 1624 456 1697 ii
479 1626 635 1692 πέπονθεν.
670 1626 784 1690 Dicam
806 1626 889 1712 quid
909 1623 1031 1694 vene'rit
1053 1632 1087 1695 in
1107 1643 1266 1701 mentems

290 1736 452 1821 scripsisse
475 1735 623 1820 suspicor
641 1745 821 1799 oratorem:
844 1742 891 1799 ἵνα
912 1748 955 1825 μή
980 1764 1023 1815 τις
1039 1738 1121 1829 ὑμῶν
1137 1740 1178 1818 οἷς
1195 1741 1262 1821 ἐξ.
1343 1786 1346 1793 ,

291 1850 425 1939 μοίρτηκε
447 1843 591 1933 πρόφασιν
613 1841 764 1931 πορίσηται
785 1849 837 1917 τῆς
855 1845 1004 1936 ἁμαρτίας
1022 1847 1124 1915 εἴπατε
1142 1851 1184 1926 τίς
1200 1850 1264 1917 κτέ.

290 1953 369 2031 fuit,
402 1952 461 2037 qui
490 1949 615 2035 aliquid
647 1950 755 2014 deesse
785 1960 915 2036 putaret
923 1976 932 2033 ;
967 1955 1139 2044 adscripsit
1168 1960 1266 2045 igitur

290 2068 378 2151 τοῖχοι
397 2058 435 2131 δὴ
452 2058 563 2146 βοηθῶν
582 2056 759 2143 »sortasse
774 2058 921 2145 βοηθῶν”
941 2086 1059 2152 nempe
1079 2066 1266 2131 addendum

288 2174 339 2241 vel
363 2168 614 2241 restituendum,
639 2168 732 2253 quod
752 2190 843 2236 nunc
864 2174 949 2236 male
970 2174 1134 2239 invectum
1159 2187 1206 2240 est
1232 2178 1267 2241 in

289 2280 479 2345 orationem.
524 2276 691 2363 Ancipites
720 2278 898 2344 istiusmodi
928 2282 1133 2346 coniecturas
1164 2283 1269 2351 fateor

290 2408 372 2453 esse:
407 2384 544 2449 certiora
574 2394 647 2449 sunt
677 2407 764 2471 quae
791 2388 833 2451 de
859 2408 944 2454 nova
974 2390 1225 2475 interpolatione
1249 2412 1269 2455 e

288 2495 507 2561 Laurentiano
532 2492 647 2557 codice
674 2494 852 2559 ostendam.
892 2496 999 2577 Quam
1027 2507 1145 2561 temere
1170 2499 1196 2561 is
1225 2500 1265 2561 li·

289 2603 368 2681 ber,
402 2600 496 2664 cuius
524 2599 699 2662 auctoritas
725 2598 875 2678 Bekkero
895 2612 926 2664 et
950 2604 1019 2665 aliis
1044 2605 1215 2691 imposuit,
1246 2628 1266 2671 a

292 2710 454 2779 Graeculo
469 2707 509 2770 sit
526 2707 740 2792 interpolatus
754 2728 821 2771 non
834 2730 965 2794 possum
982 2713 1096 2776 melius
1114 2734 1263 2800 arguere,

291 2840 394 2907 quam
416 2816 440 2878 si
463 2834 560 2877 unam
582 2813 726 2898 aliquam
744 2816 924 2879 orationem
942 2826 1043 2881 totam
1061 2842 1264 2908 percurrero.

291 2926 403 3013 Delegi
424 2924 562 3009 primam
584 2920 650 2987 κατ’
671 2918 863 3007 Ἀλκιβιάδου
872 2974 886 3008 ,
909 2944 948 2985 ex
969 2946 1037 3009 qua
1059 2928 1134 2990 satis
1155 2950 1268 3015 super·

293 3058 360 3125 que
387 3032 481 3121 quod
504 3030 582 3092 mihi
606 3032 810 3115 propositum
833 3040 879 3093 est
901 3032 1034 3117 probari
1060 3055 1153 3121 posse
1182 3038 1268 3102 arbi·

294 3158 372 3211 tror.
404 3143 482 3227 Pag.
505 3136 568 3202 140
583 3138 664 3223 (340
682 3140 734 3223 Β.)
750 3142 876 3229 ἡγοῦμαι
891 3138 938 3226 δ’,
959 3136 1106 3233 ὦᾶνιλρες
1123 3143 1269 3235 δικαςαί,

294 3256 354 3345 ὅλῳ
372 3262 416 3343 τῷ
436 3254 513 3339 νόμῳ
534 3250 615 3337 μόνον
632 3248 718 3315 αὐτὸν
737 3256 796 3315 τῶν
812 3250 937 3318 πολιτῶν
951 3255 1050 3340 ἔνοχον
1067 3256 1149 3319 εἶναι.
1171 3258 1270 3349 ἀςρα-

296 3368 374 3442 τείας
396 3364 447 3452 μὲν
466 3368 509 3430 ὅτι
526 3362 697 3451 καταλεγεὶς
712 3365 727 3430 ὁ
744 3368 844 3456 πατὴρ
862 3365 915 3431 οὐκ
931 3365 1078 3443 ἐπεξῆλθε
1096 3368 1168 3456 μεθ’
1187 3369 1270 3459 ὑμῶν

296 3474 599 3569 ςρατοπεδενομένων.
638 3473 809 3539 Corrector
825 3476 935 3539 locum
949 3486 1141 3561 corruptum
1160 3479 1206 3541 sic
1225 3480 1272 3544 in·
1353 3498 1359 3507 ·

296 3584 485 3674 terpolavit:
509 3588 553 3649 ὅτι
574 3582 605 3650 οὐ
629 3581 792 3671 κατελέγη,
814 3581 995 3663 λειποταξίου
1016 3582 1050 3650 δὲ
1071 3589 1114 3651 ὅτι
1136 3586 1187 3651 οὐκ
1204 3584 1271 3657 ε’πε·

298 3694 394 3775 ξῆλθε
426 3692 485 3782 μεθ’
514 3692 596 3779 ὑμῶν
621 3692 799 3785 ς’ρατοπέτλῳ
823 3696 926 3781 μόνος,
957 3716 1044 3780 quae
1076 3716 1181 3778 quum
1212 3717 1273 3760 nec

295 3824 372 3871 vara
404 3802 466 3865 sint
498 3824 559 3868 nec
589 3802 672 3867 bene
710 3803 833 3867 Graeca
870 3824 977 3889 neque
1009 3824 1136 3868 sensum
1169 3806 1274 3868 conti·

293 3925 392 3981 noant
412 3934 501 3992 eum,
523 3936 621 4000 quem
640 3914 819 3979 Graeculus
836 3915 990 4001 putabat,
1021 3915 1120 3978 miror
1148 3936 1167 3977 e
1193 3915 1275 3981 Bek-

295 4023 375 4087 kero
398 4022 670 4112 sineruspieione
691 4035 824 4111 recepta
846 4046 922 4091 esse.
958 4025 1091 4107 Quanto
1113 4022 1238 4087 felicius
1257 4043 1277 4085 e
