3100 4942
737 544 783 620 di

283 772 415 866 φαινόλην
437 771 529 860 quod
550 769 710 857 signifieat
732 769 855 834 scilieet
879 768 926 834 τὸν
949 768 1041 834 καινὸν
1064 767 1113 833 καί
1134 767 1249 837 ούύίπω

286 886 315 952 ἐν
336 887 423 976 χρείᾳ
441 889 608 974 γενόμενον,
631 882 748 948 deinde
764 883 819 955 τάς
841 878 974 965 βλαύτας
994 884 1048 958 τάς
1065 884 1248 976 ἀφορήτους,

284 998 339 1060 ubi
359 996 469 1059 scribit
489 1017 564 1080 pag.
584 995 659 1058 335.
682 992 783 1078 λαβὼν
802 997 929 1081 ἄγρης-α
943 993 1047 1080 ίμοίτια
1068 992 1185 1082 εὐήτρια
1200 990 1250 1056 καί

283 1111 416 1199 ἀφόρητα
437 1103 618 1194 ὑποδήματα
633 1104 775 1196 ἐξέφρησα
796 1103 933 1192 ἐμαυτόν.
958 1105 1039 1169 Tum
1059 1105 1252 1193 ἀπολούμενος

280 1237 341 1302 pro
361 1237 417 1288 eo,
441 1217 504 1300 qui
524 1214 692 1277 lavataut
708 1214 891 1278 lavaturus
909 1221 975 1285 est,
999 1213 1143 1276 occurrit
1161 1213 1252 1299 apud

282 1333 473 1408 utrumque:
497 1323 690 1411 ἀπολούμενος
710 1323 860 1412 ἐπείγομαι
876 1333 921 1387 εει
933 1323 1023 1410 apud
1032 1321 1248 1399 Athenaeum,

281 1441 313 1494 et
332 1451 422 1494 mox:
454 1435 591 1525 πρότερον
612 1433 876 1523 συντριβησόμεθον
884 1483 898 1517 ,
914 1429 997 1496 ἔπειθ’
1013 1432 1103 1506 οὕτως
1125 1431 1251 1497 ἀπολού-

281 1539 381 1628 μεθονε
416 1539 493 1604 hino
516 1541 607 1625 apud
636 1542 816 1605 Lucianum
839 1565 875 1626 p.
899 1540 973 1602 323.
997 1540 1094 1632 χαίρω
1116 1539 1153 1606 δὲ
1174 1544 1252 1628 μετὰ

180 1657 187 1668 “
280 1653 415 1737 κάματον
435 1649 643 1737 ἀπολούμενος,
674 1658 706 1712 et
727 1672 761 1734 p.
789 1645 866 1712 328.
899 1649 962 1712 εἶτα
985 1646 1183 1740 συντριβέντες
1207 1687 1253 1698 -

279 1757 416 1848 ἐξῄειμεν.
442 1757 540 1838 Quod
562 1759 679 1844 legitur
699 1757 790 1842 apud
807 1756 1010 1820 Athenaeum
1029 1757 1117 1835 σ’πτός
1131 1765 1192 1853 γάρ
1205 1758 1257 1836 ε’ςί

280 1897 326 1960 μοι
346 1875 469 1962 τάριχος
490 1870 602 1932 melius
631 1877 793 1933 servatum
813 1876 859 1930 est
889 1868 979 1953 apud
1006 1869 1185 1932 Lucionum
1216 1893 1250 1955 p.

280 1981 356 2044 335.
379 1983 540 2068 πυθόμενος
562 1983 605 2044 ὅτι
626 1979 641 2044 ὁ
662 1975 809 2071 ςρατηγύς
825 1978 911 2052 ὀπτός
933 1976 979 2052 ἐςι
1003 1977 1138 2064 (scilieet
1158 1999 1253 2043 voea-

279 2087 393 2149 buium
416 2087 458 2148 ab
479 2080 575 2150 ὦπται
598 2085 777 2148 derivatum
801 2084 874 2168 est).
899 2087 948 2150 Τά
964 2087 1105 2174 καύματα
1127 2086 1169 2151 de
1177 2088 1252 2173 fri·

275 2194 418 2280 guribus
434 2194 524 2280 apud
536 2204 710 2278 utrumque
727 2203 772 2255 est
793 2203 825 2255 et
845 2191 947 2269 ἄδικος
963 2197 1078 2286 ἡμέρα,
1097 2196 1130 2259 id
1148 2207 1194 2260 est
1210 2217 1249 2260 ea

278 2297 317 2366 δι’
327 2297 360 2375 ἧς
369 2301 409 2364 τά
419 2298 577 2393 tirampni
587 2301 620 2367 ού
630 2305 804 2388 συνάγεται,
815 2310 847 2364 et
857 2303 1026 2393 ἀκάθαρτος
1036 2311 1121 2392 γυνη,
1133 2327 1250 2393 nempe

276 2408 308 2486 ἧς
332 2407 518 2497 ἐπεσχημένα
543 2406 576 2480 ἦν
605 2407 645 2474 τά
666 2412 827 2497 γυναικεῖα.
862 2409 1050 2473 Portentosa
1085 2414 1148 2476 alia
1175 2424 1250 2478 suut

276 2519 367 2605 apud
392 2519 602 2588 alterutrum,
636 2518 734 2581 vetuti
758 2517 790 2581 τὸ
809 2515 924 2582 δεῖπνον
949 2515 1065 2587 εἶναιτὸ
1095 2529 1249 2614 συμφορῶν

276 2647 337 2715 pro
367 2626 524 2716 συμβολῶν
553 2625 687 2687 Lucian.
711 2647 745 2710 p.
776 2623 854 2688 329.
883 2623 1005 2711 λάχανα
1029 2624 1157 2722 ὑπερφυῆ
1186 2651 1248 2716 pro

277 2736 350 2830 ὑπὲρ
372 2747 424 2814 τῆς
447 2747 500 2826 γῆς
527 2737 676 2828 πεφυκότα
699 2733 850 2819 opposita
872 2738 930 2810 τοῖς
956 2733 1112 2823 ὑπογείοις,
1145 2738 1248 2828 ἄλογος

274 2851 391 2939 ἡμέρα,
414 2850 448 2913 in
473 2867 542 2932 qua
563 2850 678 2907 tacent
700 2863 870 2906 causarum
891 2848 1038 2928 patroni,
1072 2859 1104 2912 et
1125 2849 1247 2937 ἀλογίαν

272 2957 432 3026 ἐπιτάττειν
454 2977 514 3042 pro
536 2956 712 3018 silentium
730 2957 903 3038 imponere
929 2979 962 3040 p.
990 2956 1051 3019 stt
1076 2967 1108 3019 et
1137 2983 1244 3024 κατου-

273 3069 391 3160 μεῖσθαι
414 3087 474 3150 pro
493 3063 639 3128 seeundo
658 3069 757 3124 vento
776 3065 846 3138 uti,
871 3085 974 3148 quum
1001 3067 1040 3128 sit
1062 3067 1144 3130 lotio
1167 3091 1245 3132 eon-

274 3178 401 3260 spergr'.
426 3173 565 3236 Notatur
586 3191 605 3232 a
626 3167 787 3233 veteribus
808 3172 929 3234 criticis
948 3173 1007 3234 ista
1028 3175 1190 3253 κακοζηλία
1211 3179 1246 3241 in

272 3281 399 3356 multis,
427 3280 614 3365 praesertim
637 3278 758 3363 poetis,
784 3278 843 3363 qui
863 3280 1067 3368 κατάγλωττα
1091 3290 1243 3370 poemata

269 3389 452 3460 iaciebant,
487 3387 581 3451 utin
609 3385 838 3470 Euphorione,
874 3388 932 3472 qui
963 3390 1109 3454 Iasonem
1135 3393 1244 3478 inepte

270 3495 394 3586 ναυαγὸν
408 3496 502 3570 dixit,
523 3493 708 3581 significans
730 3493 779 3558 τὸν
797 3499 909 3582 ἄγοντα
929 3499 980 3569 τὴν
999 3505 1068 3564 ναῦν
1089 3509 1121 3561 et
1130 3499 1243 3564 draeo·

269 3626 361 3680 nem,
388 3602 446 3689 qui
464 3601 675 3686 Hesperidum
693 3601 824 3666 hortum
837 3605 1058 3683 custodiebat,
1082 3610 1240 3698 κηπουρύν,

271 3720 349 3776 teste
365 3710 513 3774 Heliadio
535 3710 625 3797 apud
644 3709 794 3774 Photium
813 3734 846 3797 p.
870 3713 1059 3778 sanauit.
1091 3717 1156 3780 Sed
1173 3719 1242 3802 pal·

269 3843 356 3886 mam
384 3797 564 3886 stoliditatis
594 3823 628 3885 in
656 3821 719 3886 hoc
746 3841 863 3908 genere
892 3825 1028 3888 caeteris
1059 3828 1240 3913 praeripuit

268 3931 450 4016 Dionysius,
465 3931 696 4016 Syracusarum
713 3941 881 4018 tyrannus,
906 3955 1006 4020 quem
1026 3945 1152 3998 constat
1165 3936 1239 4020 ptu-

268 4041 346 4104 rima
370 4039 551 4104 huiusmodi
571 4042 604 4105 in
622 4041 809 4129 Tragoediis
827 4044 985 4129 posuisset
1009 4044 1042 4108 in
1064 4044 1113 4108 his
1135 4045 1237 4130 μέναν-
