3100 4942
733 564 781 635 15

270 783 355 866 dum
372 783 466 878 quod
483 784 517 853 in
530 782 685 854 manibus
698 794 748 856 est
766 787 938 861 adhibere.
962 792 1018 862 Sic
1031 763 1227 886 praeclaris·

276 906 381 974 simus
408 906 553 997 quisquc
577 905 795 999 antiquorum
822 934 900 980 cum
929 914 1151 983 recentiorum
1177 914 1229 982 in·

274 1026 376 1095 santia
409 1034 443 1094 et
465 1035 603 1120 stupore
628 1029 855 1121 componitur.
904 1030 963 1100 Est
986 1031 1115 1126 aliquid
1143 1033 1231 1104 inter

275 1145 461 1216 Homerum
477 1153 511 1215 et
537 1145 759 1236 magistellos,
785 1150 844 1241 qui
865 1150 992 1220 Romae
1011 1159 1046 1220 et
1065 1151 1230 1223 Constan-

271 1265 433 1361 tinopoli,
465 1265 560 1360 poesi
594 1263 725 1336 dudum
758 1269 924 1358 extincta,
950 1271 1097 1342 Graecos
1122 1271 1230 1342 hexa-

272 1394 397 1458 metros
412 1392 608 1480 pangerent.
643 1385 700 1456 Est
720 1387 850 1488 aliquid
870 1391 956 1460 inter
975 1391 1149 1460 Platonem
1168 1400 1228 1460 aut

272 1506 530 1578 Demosthenem
554 1514 588 1575 et
615 1506 729 1575 inanes
752 1507 917 1602 sophistas
937 1518 971 1580 et
996 1508 1147 1578 rhetores
1166 1534 1229 1578 nu·

273 1651 331 1722 gas
356 1625 474 1722 putide
492 1623 750 1698 deblaterantes.
787 1627 894 1722 Sae'pa
911 1652 986 1718 eos,
1013 1630 1073 1722 qui
1094 1628 1230 1711 labente

274 1771 313 1818 ac
353 1745 600 1842 propemodum
640 1746 785 1816 extincta
824 1748 1013 1818 Graecitate
1052 1747 1227 1837 vixerunt,

275 1876 335 1939 aut
359 1867 446 1937 alius
473 1866 609 1959 linguae
629 1867 706 1936 usui
731 1865 885 1937 innutriti
907 1869 1035 1939 Graece
1060 1866 1230 1938 balbutire

275 1989 481 2076 didicerunt,
511 1983 619 2054 metiri
648 1984 757 2054 solent
779 1987 936 2057 nonnulli
957 1995 990 2066 et
1005 1986 1185 2080 'explicare
1210 2009 1229 2055 e
1306 1994 1307 1997 ’

274 2108 456 2205 praeclaris
476 2128 686 2175 summorum
714 2106 805 2199 apud
828 2108 985 2202 antiquos
1010 2108 1155 2178 Graecos
1179 2108 1230 2177 in·

274 2231 451 2324 geniorum
485 2225 723 2294 monumentis.
773 2225 1009 2297 Mirandumne
1037 2235 1088 2296 est
1119 2219 1160 2296 ex
1190 2250 1228 2296 ea
1269 2215 1272 2220 ¹

274 2351 402 2420 ratione
422 2355 456 2419 et
475 2345 600 2415 formas
620 2344 801 2416 verborum
818 2346 990 2418 instabiles
1010 2345 1114 2416 viden‘
1135 2355 1169 2417 et
1185 2348 1226 2416 si·

273 2467 454 2564 gnificandi
481 2473 661 2561 potestates
682 2473 751 2534 tam
775 2466 882 2534 varias
901 2457 973 2535 fieri
995 2476 1029 2536 et
1048 2463 1224 2558 ambiguos

272 2598 313 2658 ut
334 2612 353 2658 e
377 2611 498 2680 magna
521 2589 617 2682 eopia
642 2585 925 2680 significationum
952 2584 1099 2678 arripere
1125 2584 1224 2655 liccat

269 2707 454 2800 unicuique
472 2705 566 2800 quod
583 2707 619 2776 in
638 2729 707 2775 rem
728 2728 823 2775 suam
842 2715 969 2777 vertere
985 2705 1101 2800 possit.
1136 2704 1225 2776 Hinc

247 2850 339 2896 nou
376 2849 497 2915 unam,
534 2823 593 2894 sed
624 2823 813 2918 duplicem,
845 2823 1028 2894 sedetiam
1055 2825 1222 2920 triplicem

270 2945 464 3017 sententiam
494 2943 582 3014 idem
614 2943 711 3014 loeus
740 2947 913 3015 continere
943 2968 1041 3039 posse
1068 2954 1221 3040 putetur.

270 3066 354 3161 Spes
379 3076 430 3137 est
456 3061 525 3160 (vel
550 3073 661 3134 metus
684 3063 813 3160 potius)
836 3065 908 3134 fore
930 3074 969 3134 ut
989 3067 1222 3157 quartaetiam

268 3196 302 3256 et
326 3187 444 3280 quinta
474 3183 656 3278 aliquando
681 3183 725 3252 ab
754 3184 888 3254 erudito
915 3185 1096 3278 interprete
1122 3209 1223 3257 exco-

269 3309 394 3400 gitatur
424 3329 464 3376 ac
495 3305 593 3376 docte
627 3303 833 3374 adstruatur.
885 3304 1033 3375 Hoccine
1067 3329 1146 3376 vero
1171 3314 1222 3377 est

269 3426 457 3521 intelligere
494 3422 650 3520 aliquid?
699 3425 791 3495 itane
829 3427 919 3496 inter
955 3449 1017 3496 nos
1051 3426 1218 3521 colloqui,

269 3547 359 3618 itane
383 3547 528 3618 scribere
548 3547 702 3616 homines
725 3545 900 3617 solemus?

316 3665 563 3762 Emergendum
582 3691 622 3738 ex
640 3668 704 3738 hac
726 3668 868 3760 caligine
887 3669 932 3737 ita
951 3675 1018 3758 est,
1041 3677 1081 3758 ut
1097 3692 1219 3738 unum·

267 3811 439 3882 quemque
475 3789 673 3882 scriptorem
700 3812 740 3858 ex
768 3811 804 3858 se
835 3797 986 3883 spectare
1010 3797 1142 3858 mature
1168 3811 1221 3859 as-

269 3908 462 3980 suefiamus'
480 3919 520 3981 ut
547 3909 702 4004 quaesit
740 3907 834 4003 apud
862 3933 1033 4002 quemque
1062 3917 1220 3978 constans

266 4028 424 4100 orationis
453 4030 579 4119 torma,
605 4053 692 4122 quae
719 4029 766 4098 vis
790 4027 933 4121 siugulis
957 4027 1131 4100 vocabulis
1153 4011 1217 4098 di-
1308 4112 1311 4117 Α
