3100 4942
803 553 877 626 150

359 780 455 867 ψειν.
490 772 658 859 Compone
687 792 763 836 cum
792 773 842 837 bis
868 774 979 839 locum
1010 774 1160 862 Hesychii
1185 779 1244 862 qui
1273 782 1330 858 τοὶς

357 886 542 976 Ἀρις-οίρχου
569 878 660 959 λέξεις
683 882 798 968 grandi
823 884 941 947 Lexico
962 884 1154 947 inseruerat:
1178 888 1327 957 ἀπολελει-

358 996 478 1083 ψεμὲνοιι
499 991 737 1083 ἀποκειραμένου.
763 990 1020 1078 ἁπολελεψειρένου
1043 992 1081 1057 τοὶ
1105 992 1199 1059 καλοί.
1235 997 1328 1061 Fere·

351 1104 450 1171 batur
467 1102 500 1165 in
523 1098 696 1185 Sophoclis
717 1098 895 1162 Trachiniis
915 1121 960 1162 vs,
985 1100 1033 1163 lt.
1059 1120 1135 1185 sqq.

505 1214 610 1301 porciu
630 1204 753 1298 ἐναργὴς
776 1212 901 1297 ταῦρος,
922 1205 1023 1271 ἄλλοτ’
1046 1207 1140 1283 αἰόλος

506 1316 629 1409 δράκων
650 1315 778 1402 ἑλικτός,
800 1314 899 1382 ἄλλοτ’
922 1313 1047 1408 ἀνδρείῳ
1076 1319 1179 1407 τύπῳ

503 1425 733 1515 βούκρανος.

350 1536 553 1624 Sophocleae
571 1535 722 1599 dictionis
737 1533 941 1619 splendorem
951 1536 1087 1600 servavit
1103 1534 1196 1600 nobis
1207 1536 1329 1601 Strabo

349 1648 389 1712 X.
412 1648 445 1712 2.
469 1647 528 1733 qui
549 1646 655 1709 attulit
674 1664 712 1707 ex
735 1642 849 1705 eodem
867 1642 959 1710 loco:

505 1754 627 1845 δράκων
650 1752 778 1839 ἑλικτὸς,
801 1751 904 1818 ἄλλοτ’
926 1751 1050 1847 ἀνδρείῳ
1072 1754 1180 1819 κύτει

499 1866 737 1957 βούπρῳρος.

344 1974 489 2038 Sentisne
508 1974 590 2059 quid
609 1976 691 2037 inter
714 1970 951 2035 benedicendi
973 1971 1246 2057 magnificentiam
1267 1972 1319 2036 in·

342 2082 432 2145 tersit
453 2093 484 2145 et
502 2084 668 2171 vulgatam
686 2083 897 2168 scripturam,
925 2101 1012 2165 quae
1030 2081 1063 2144 in
1086 2080 1185 2142 unico
1200 2080 1326 2147 Codice-

344 2191 466 2268 sertur,
498 2193 585 2257 unde
608 2194 731 2279 integra
755 2191 866 2255 fabula
889 2191 932 2254 ad
957 2210 1017 2253 nos
1042 2190 1211 2275 pervenit?
1244 2190 1319 2255 Vidi

345 2311 473 2377 umen,
496 2302 555 2387 qui
574 2300 762 2364 doctissimis
779 2299 1043 2363 annotationibus
1064 2298 1173 2363 obruit
1192 2297 1321 2360 Trachi·

342 2410 413 2473 nius
436 2418 467 2473 et
489 2408 572 2473 baec
594 2405 760 2471 Strabonis
782 2410 1089 2493 interpretamenta
1111 2407 1222 2469 statuit
1242 2426 1317 2469 esse.

346 2516 567 2603 Πουλυμσθπῗη
586 2520 646 2582 νόον
661 2516 694 2581 οὐ
712 2514 874 2600 διδάσκει,
897 2524 1010 2577 contra
1034 2512 1162 2598 saepius
1183 2513 1229 2580 τὸν
1249 2518 1324 2584 ὄντα,

343 2624 560 2711 ἀποσβέννυσιν.
617 2625 747 2712 Legitur
781 2624 872 2710 opud
904 2624 1092 2687 Erotianum
1132 2624 1167 2685 in
1200 2624 1317 2689 Lexico

344 2736 580 2821 Hippocratico
600 2757 631 2799 v.
651 2732 865 2807 ἐκλαπήσεταιε
890 2732 955 2799 ἀντὶ
974 2738 1023 2799 τοῦ
1044 2731 1251 2823 ἑκγλυρήσεται
1269 2734 1319 2801 καὶ

343 2842 585 2931 ἕκγεννγβήσεται
593 2898 606 2931 ,
628 2845 667 2919 ὡς
689 2844 738 2909 καὶ
761 2844 957 2935 Ἀρις-οφοίοης
978 2841 1008 2907 ἑν
1029 2840 1206 2934 Γηρυτάδῃ·

453 2956 566 3042 Φήμαις
590 2946 637 3019 οὖν
658 2952 718 3042 ἐγὼ
740 2954 856 3045 βροτῶν
878 2962 1012 3033 ἅπαντας
1032 2951 1205 3024 &innisae

343 3058 428 3139 ἅπαξ
456 3062 567 3153 εἴρηται
597 3061 646 3128 καὶ
673 3063 745 3153 παρ’
768 3066 851 3151 ἡμῶν
873 3062 1013 3151 ε’ξήγηται
1035 3065 1139 3151 μόνων.
1187 3064 1318 3127 Nullum

341 3180 486 3257 superest
516 3190 606 3235 nunc
640 3170 729 3257 apud
761 3172 994 3257 Hippocratem
1025 3175 1192 3258 vestigium
1222 3172 1323 3236 buius·

343 3276 515 3353 vocabuli,
539 3279 632 3363 quod
649 3280 744 3367 semel
765 3281 799 3343 in
819 3280 915 3344 huius
936 3283 1062 3367 scriptis
1081 3291 1204 3345 exstare
1225 3282 1320 3346 stab

342 3407 376 3451 se
397 3387 466 3450 solo
484 3388 681 3473 explicatum
704 3410 770 3453 esse
793 3389 1028 3470 Grammaticus
1047 3368 1154 3454 refert.
1191 3389 1320 3454 Bonum
1345 3462 1347 3466 .

342 3496 484 3571 iactum,
520 3495 613 3579 quod
645 3496 738 3560 locus
770 3507 933 3581 superest,
969 3498 1004 3560 in
1037 3517 1105 3582 quo
1136 3497 1230 3560 nimis
1260 3497 1321 3561 diu

342 3603 433 3666 scioli
455 3604 629 3688 explicatio
660 3607 828 3692 antiquam
858 3608 1030 3670 lectionem
1059 3608 1200 3692 expulit,
1233 3627 1320 3691 quae

341 3730 409 3774 non
427 3722 473 3775 est
495 3722 561 3776 tam
579 3714 747 3777 recondita
771 3736 811 3778 ac
829 3716 956 3802 putavit
974 3715 1155 3778 Erotianus.
1187 3716 1320 3801 Legitur

339 3820 374 3884 in
396 3819 479 3885 libro
505 3821 570 3917 περὶ
595 3824 692 3915 φύσιος
718 3821 836 3892 Ιοτοιιδιόο
868 3825 959 3887 Tom.
978 3825 1005 3888 1.
1028 3848 1064 3912 p.
1087 3822 1164 3889 246.
1198 3824 1317 3887 Foesii:

340 3932 365 3999 εἷ
391 3936 451 4026 γάρ
468 3959 521 4011 τις
544 3934 629 4002 ἐθέλει
652 3936 699 4023 ᾠὰ
721 3938 824 4003 εἴκοσιν
846 3937 864 4007 ἢ
887 3935 937 4001 καὶ
965 3936 1083 4003 πλείονα
1108 3941 1182 4011 ὅκως
1211 3932 1317 4000 ε’κλε·

336 4044 501 4119 πίσηται
537 4043 694 4133 (optimus
722 4066 763 4111 ac
796 4055 948 4132 pervetus
978 4048 1083 4112 codex
1115 4045 1313 4113 Marcianus:
