3100 4942
712 601 759 672 55

254 819 365 890 Tuam
391 819 472 889 mihi
507 821 707 913 amicitiam,
742 821 1210 920 doctrinam,·prudentiam,

255 937 497 1009 humanitatem
525 940 589 1010 erit
613 941 879 1035 confugiendum
912 953 951 1014 ut
980 949 1047 1016 vila
1074 947 1214 1020 mihist

254 1057 364 1127 studia
394 1054 437 1125 ad
468 1057 582 1127 Tuum
614 1061 808 1155 exemplum
831 1074 1083 1157 componantur
1108 1077 1143 1139 et
1165 1071 1212 1140 ita

132 1207 135 1210 ·
250 1176 387 1246 demum
421 1175 601 1269 probcisse
630 1201 683 1248 me
712 1180 898 1273 intelligam
926 1206 996 1275 quo
1024 1187 1129 1279 magis
1155 1213 1209 1259 me

250 1292 325 1362 Tibi
357 1299 392 1362 et
423 1291 605 1386 probatum
632 1302 666 1364 et
695 1304 873 1392 acceptum
899 1309 934 1371 et
962 1301 1105 1373 similem
1132 1328 1209 1376 sen·

250 1412 331 1480 tiam
352 1409 436 1480 lieri.

299 1529 444 1620 Tecum,
460 1535 745 1625 praestantissime
762 1537 974 1632 Peeamsnr,
995 1545 1055 1635 qui
1076 1570 1115 1615 ex
1135 1570 1206 1640 quo

248 1647 442 1719 adolescens
464 1647 508 1718 ab
535 1671 594 1721 ore
621 1651 698 1723 Tuo
724 1645 932 1750 pendebam,
963 1662 1045 1730 mihi
1075 1666 1203 1757 optime

247 1769 332 1840 relle
353 1767 533 1862 studiaque
558 1794 630 1841 mea
651 1773 830 1846 incendere
850 1785 884 1848 et
909 1781 1067 1852 adiuvare
1095 1807 1205 1854 num-

245 1911 349 1982 quam
376 1885 511 1957 desiisti.
561 1887 650 1960 Bene
677 1915 731 1962 me
757 1896 845 1964 nosti
877 1899 1098 1992 animumque
1123 1927 1203 1997 erga

243 2009 292 2079 Te
314 2032 427 2078 meum
451 2017 485 2078 et
503 2008 601 2080 facile
629 2011 745 2082 credes
766 2014 908 2085 candide
927 2029 1110 2114 sancteque
1127 2023 1202 2116 pol-

241 2129 372 2217 licenti,
397 2127 533 2220 qualem
561 2129 640 2198 olim
660 2127 870 2225 discipulum
896 2133 1077 2228 habueris,
1101 2140 1204 2210 talem

240 2272 294 2318 me
318 2269 411 2317 nunc
434 2245 512 2316 Tibi
538 2247 609 2318 fore
630 2247 810 2342 collegam.

253 2346 255 2350 ⁷
288 2367 433 2458 Tecum,
449 2367 620 2438 carissime
640 2369 747 2458 GEEL,
764 2371 825 2463 qui
844 2397 899 2444 me
917 2382 955 2446 ut
973 2386 1070 2472 paler
1089 2379 1200 2452 filium

139 2465 140 2468 Ἴ
239 2511 372 2580 semper
392 2488 602 2556 carissimum
623 2487 787 2558 habuisti.-
810 2500 844 2560 et
865 2502 954 2564 recle
974 2495 1096 2568 fecisti:
1120 2526 1200 2573 nam

237 2609 330 2678 huuc
353 2630 416 2700 ego
439 2619 586 2678 amorem
612 2608 725 2680 Tuum
740 2635 886 2703 mereor,
904 2617 963 2707 qui
985 2617 1049 2709 Te,
1074 2630 1113 2690 ut
1136 2647 1198 2716 pa·

238 2737 324 2797 trem
348 2723 460 2815 filius,
489 2721 594 2818 diligo
620 2735 654 2796 et
688 2752 845 2820 veneror,
883 2733 1036 2829 dumque
1069 2740 1195 2833 rivam,

235 2848 372 2940 diligam
399 2852 432 2914 et
466 2843 661 2914 venerabor.
696 2848 890 2941 Numquam
915 2877 956 2922 ex
982 2856 1095 2926 animo
1121 2884 1195 2931 meo

190 2981 191 2986 ’
234 2965 405 3038 delebitur
437 2963 630 3032 suavissima
666 2964 805 3035 illorum
838 2979 1031 3063 temporum
1064 3003 1196 3050 memo-

233 3088 281 3157 ria
311 3107 419 3178 quum
456 3082 536 3149 artis
561 3082 694 3152 criticae
727 3085 886 3156 iuvenilia
911 3092 1077 3183 quaedam
1104 3100 1195 3190 peri·

229 3205 308 3276 cula
329 3200 371 3270 ad
392 3199 438 3268 Te
452 3197 597 3267 iudicem
617 3199 788 3291 afferrem,
814 3228 922 3296 quum
937 3207 989 3278 Tu
1011 3214 1193 3308 trepidanti

227 3323 356 3394 animos
382 3316 537 3404 adderes,
565 3315 777 3388 dubitantem
811 3323 1047 3419 confirmares,
1074 3356 1191 3404 erran·

227 3449 296 3511 tem
312 3437 432 3506 leniter
450 3441 484 3504 et
505 3434 630 3525 facete,
657 3447 696 3504 ut
721 3436 826 3528 soles,
856 3440 1054 3518 admoneres
1074 3474 1114 3520 ac
1136 3477 1190 3523 re·

229 3559 387 3630 traheres.
419 3553 609 3646 Hostum,
635 3554 743 3650 probe
767 3561 918 3651 memini,
947 3567 1190 3649 συμφιλολογεῖν

227 3678 399 3776 appellare
436 3673 576 3745 solebas.
622 3675 799 3748 Carentem
832 3683 940 3776 patria
969 3709 1009 3754 ac
1033 3687 1189 3764 subinde

225 3824 244 3870 e
280 3796 444 3866 desiderio
476 3797 578 3866 animi
604 3797 808 3892 pendentem
846 3803 895 3872 nil
931 3805 1113 3878 iucundius
1154 3823 1188 3882 et

225 3917 396 3990 efficacius
414 3915 586 4009 reficiebat
598 3928 632 3988 et
645 3919 838 4012 recreabat,
863 3929 967 4017 quam
991 3927 1082 4000 Tuae
1101 3933 1187 4026 epis·

225 4039 315 4109 lolae
340 4037 472 4132 lepidae
495 4038 574 4109 illae
598 4047 631 4109 et
659 4039 782 4110 hilares
809 4049 844 4112 et
867 4043 987 4115 doctae
1012 4047 1185 4141 prudenti·

990 4164 1013 4236 5
