3100 4942
773 594 820 665 18

316 823 468 918 quarios,
488 816 660 910 diligentia
678 813 862 908 plerosque
879 815 986 907 magis
1001 836 1104 907 quam
1120 817 1274 888 acumine

318 941 433 1014 iudicii
465 933 717 1008 commendatos
754 941 789 1003 et
821 957 901 1003 cum
929 935 1084 1004 cautione
1109 933 1273 1012 adhihen-

318 1062 390 1132 dos.
441 1055 543 1126 Gravi
575 1061 697 1124 autem¹
720 1075 834 1123 errore
861 1051 988 1123 factum
1015 1061 1080 1142 est,
1107 1055 1272 1124 utmulti

319 1182 386 1252 hoc
405 1175 612 1269 antiquitatis
632 1172 884 1266 cognoscendae
899 1173 1051 1244 studium
1070 1172 1114 1244 ab
1132 1173 1275 1244 lectione

320 1311 355 1374 et
372 1294 648 1390 interpretatione
665 1293 869 1385 scriptorum
888 1294 1102 1387 seiungerent
1117 1302 1152 1363 et
1167 1294 1275 1364 acrba

323 1420 450 1492 scilicet
474 1407 556 1511 prae
581 1411 708 1501 rebus,
726 1413 777 1481 uti
800 1413 913 1503 aiunt,
939 1422 1190 1486 contemnentes
1213 1418 1276 1485 toti

321 1542 388 1611 sint
417 1538 452 1606 in
486 1530 704 1604 instauranda
739 1533 916 1626 oculisque
947 1534 1154 1605 subiicienda
1191 1537 1278 1606 ima-

321 1660 397 1752 gine
438 1653 665 1746 antiquitatis,
711 1653 791 1720 satis
823 1653 973 1723 materiei
1006 1676 1179 1747 superesse
1212 1655 1275 1724 rati

320 1775 413 1848 uude
442 1772 632 1867 collapsum
663 1772 790 1863 ingenti
819 1773 917 1842 ruina
944 1771 1134 1843 aedificium
1165 1782 1278 1844 totum

321 1897 434 1990 denuo
459 1899 627 1986 exsurgat.
677 1889 827 1959 Frustra.
858 1891 1012 1984 Namque
1050 1893 1179 1962 etiamsi
1204 1891 1277 1962 col.

273 2102 275 2106 ¹
320 2018 408 2087 lecta
433 2012 584 2105 undique
615 2009 754 2079 materie
787 2017 991 2103 arreptoque
1023 2011 1094 2081 sine
1123 2011 1196 2080 ullo
1222 2011 1278 2083 de-

321 2137 413 2208 lectu
457 2129 626 2228 quidquid
671 2127 829 2198 alicunde
877 2131 1073 2222 porrigatur
1118 2132 1276 2223 componi

218 2323 221 2330 ,
323 2253 453 2348 aliquid
488 2251 532 2322 ab
570 2256 670 2320 acuto
711 2256 746 2318 et
782 2247 949 2317 industrio
981 2247 1118 2320 homine
1156 2253 1277 2344 possit,

321 2373 415 2468 quod
445 2373 480 2441 in
505 2367 629 2440 umbra
659 2365 850 2437 viventibus
882 2365 976 2436 haud
1012 2367 1199 2459 absurdum
1233 2371 1279 2440 ri·

322 2495 462 2582 dentur,
499 2493 611 2560 tamen
648 2487 812 2583 pleraque
846 2487 958 2555 omnia
988 2488 1048 2577 iis,
1087 2490 1147 2582 qui
1178 2488 1281 2560 rebus

325 2612 479 2709 gerendis
513 2609 633 2679 intenti
671 2608 706 2676 in
739 2606 918 2676 hominum
957 2606 1035 2677 luce
1069 2618 1104 2679 et
1139 2609 1282 2680 celebri·

326 2744 394 2806 tate
430 2721 625 2819 versantur,¹
669 2728 767 2798 lusus
802 2729 965 2820 iocosque
997 2739 1069 2819 est,
1105 2739 1145 2799 ut
1179 2730 1283 2800 Phor-

326 2857 395 2926 mio
426 2847 609 2923 Hannibali
648 2847 690 2918 de
718 2849 931 2941 imperatoris
957 2846 1069 2918 officio
1092 2857 1127 2920 et
1153 2858 1224 2920 tota
1248 2876 1284 2922 re

326 2975 463 3046 militari
500 2971 674 3065 disputare
704 2968 867 3038 videatur.
917 2969 1052 3037 Utinam
1081 2969 1218 3040 tandem
1245 2996 1285 3043 ea

330 3094 488 3169 omnibus
519 3093 604 3160 ratio
635 3089 783 3184 placeat,
810 3097 855 3159 ut
882 3113 970 3183 quae
992 3089 1067 3157 sciri
1093 3100 1281 3184 nequeant,
1412 3140 1416 3150 ·

329 3217 486 3288 desinant
517 3209 579 3280 sibi
605 3210 767 3303 reperisse
789 3208 904 3278 videri.
944 3208 982 3277 ln
1006 3217 1215 3278 contemtum
1237 3233 1285 3281 se·

334 3360 402 3430 que
415 3342 449 3405 et
462 3356 522 3402 sua
536 3329 647 3399 studia
661 3326 846 3418 adduxere,
872 3329 932 3421 qui
942 3327 1030 3396 nihil
1049 3326 1113 3396 sibi
1131 3329 1285 3422 ignotum

333 3455 418 3527 nibil
445 3451 629 3524 obscurum
651 3470 722 3518 esse
749 3447 961 3542 postulantes
989 3449 1132 3543 ineptire
1153 3447 1287 3518 malunt

237 3593 241 3612 ¹
336 3599 439 3670 quam
464 3571 688 3666 ignorantiam
715 3568 820 3638 lateri.
872 3567 941 3637 Ab
957 3592 1075 3640 eornm
1098 3593 1211 3640 errore
1242 3571 1291 3641 sio

338 3693 525 3766 cavendum
556 3689 654 3762 nobis
683 3711 823 3779 censeo,
858 3697 897 3758 ut
930 3671 1041 3758 tacere
1074 3713 1177 3782 quam
1206 3689 1291 3775 nihil

337 3813 450 3883 dicere
477 3810 648 3902 antiquius
680 3806 866 3878 habeamus
896 3806 1096 3902 abiectoque
1125 3808 1293 3904 quidquid

332 3941 438 4005 ¹sonet
470 3933 607 4021 vitium,
633 3927 725 4024 quod
755 3953 874 3999 sanum
895 3936 929 3999 et
950 3929 1098 4001 solidum
1120 3932 1162 4001 sit
1184 3931 1296 4002 solum

213 4036 215 4042 ’
343 4051 561 4143 retineamus,
581 4073 620 4121 ac
641 4049 829 4122 nesciamus
850 4047 959 4120 multa
978 4051 1093 4146 potius
1110 4051 1295 4147 aliquando
