3100 4942
764 580 814 651 Ἦ

311 805 401 876 docti
430 802 573 872 alicuius
604 800 657 870 vol
688 799 768 872 libri
804 799 857 870 rel
885 799 1034 873 huminis
1066 804 1268 875 auctoritate

207 947 211 952 ·
311 931 464 994 constare
479 918 702 989 arbitrantur:
726 917 815 990 unde
829 942 908 988 mox
926 918 1029 1007 nullo
1038 922 1171 1014 negotio
1184 946 1263 992 con-

310 1049 466 1135 coquunt
484 1040 610 1127 omnia,
631 1042 711 1133 quia
730 1040 813 1133 quid
834 1042 877 1110 sit
894 1043 1040 1134 aliquid
1056 1046 1268 1139 intelligere

310 1187 499 1256 numquam
538 1160 789 1233 intellexerunt.
843 1161 979 1256 Operae·
1007 1163 1156 1260 pretium
1180 1165 1263 1235 mihi

311 1284 464 1355 facturus
485 1281 598 1352 videor
610 1283 637 1350 si
653 1266 842 1352 indicavero
855 1282 992 1374 paucis,
1018 1306 1105 1375 quae
1121 1284 1164 1353 sit
1181 1282 1269 1355 fides

310 1414 346 1476 et
367 1404 550 1477 auctoritas
576 1400 759 1492 librorum,
783 1403 986 1494 inquorum
1013 1405 1180 1498 scriptura
1206 1426 1264 1473 se-

313 1525 387 1594 curi
416 1523 572 1619 plerique
597 1523 826 1617 acquiescunt.
863 1520 918 1591 Ab
942 1525 1171 1618 antiquissima
1192 1548 1263 1594 me·

301 1645 417 1714 moria
439 1668 499 1738 per
523 1642 739 1713 librariorum
759 1665 880 1711 manus
901 1645 1078 1736 propagati
1097 1645 1164 1714 iam
1182 1643 1267 1714 olim-

309 1763 481 1834 erroribus
502 1765 660 1854 istorum,
685 1763 901 1834 indoctorum
923 1762 1099 1833 hominum
1117 1775 1152 1835 et
1169 1765 1264 1835 aliud

309 1889 500 1981 agentium,
523 1887 695 1982 depravati
709 1884 915 1956 ferebantur.
948 1886 1075 1956 Passim
1088 1886 1181 1981 apud
1202 1887 1263 1958 Ve-

268 1998 270 2002 ’
309 2015 398 2077 teres
434 2005 475 2076 de
509 2006 665 2078 codicum
699 2004 786 2074 vitiis
818 2013 853 2074 et
880 2004 1083 2099 corruptelis
1107 2004 1266 2097 querelae

309 2125 482 2220 leguntur.
513 2125 569 2196 De
588 2125 697 2194 libris
714 2123 876 2214 Latinis,
903 2125 1020 2194 scribit
1040 2125 1081 2224 ad
1098 2124 1265 2213 Quintum

309 2247 449 2317 fratrem
483 2245 618 2336 Cicero,
653 2271 732 2338 ¹quo
770 2271 825 2314 me
862 2256 998 2314 cartam
1027 2249 1167 2335 neseio,
1207 2252 1264 2317 ita

310 2368 469 2438 mendosi
509 2376 545 2434 et
584 2365 801 2434 scribuntur
845 2376 881 2433 el
924 2366 1088 2435 aeneum.
1126 2365 1265 2465 ,Exstat

310 2486 472 2580 epistolae
497 2484 719 2579 Theophrasti
752 2483 795 2554 ad
817 2485 1007 2556 Eudemum
1037 2485 1264 2580 fragmentum

311 2605 353 2676 de
381 2604 458 2675 loco
494 2605 641 2700 quodam
676 2616 840 2699 corrupto
872 2607 908 2675 in
937 2604 1027 2676 libro
1055 2604 1264 2699 Aristotelis,

311 2727 502 2798 communis
521 2717 690 2818 magistri,
712 2726 810 2795 cuius
827 2725 1036 2795 emendatam
1059 2728 1262 2821 scripturam

308 2873 350 2922 ex
372 2848 510 2920 meliore
530 2846 753 2942 Theophrasti
781 2844 897 2917 codice
921 2845 1093 2917 Eudemus
1116 2871 1265 2940 cognos-

311 2993 387 3040 cere
410 2965 578 3064 oupiebat.
629 2964 815 3060 Aliquanto
840 2967 1021 3037 deteriores
1045 2990 1116 3037 esse
1140 2991 1197 3037 eos
1222 2969 1264 3038 li·

312 3089 409 3177 bros,
434 3090 494 3183 qui
520 3086 563 3156 ad
584 3111 646 3158 nos
663 3089 909 3182 perdurarunt,
931 3088 1030 3159 facile
1051 3089 1264 3184 intelligitur.

310 3211 455 3280 Nullum
474 3230 636 3299 umquam
656 3206 723 3275 vidi
737 3207 907 3299 codicem,
928 3210 987 3301 qui
1001 3211 1071 3278 sine
1082 3208 1267 3305 multiplici·

313 3327 544 3400 emendatione
574 3323 639 3418 legi
673 3323 885 3418 intelligique
914 3334 1038 3420 posset.
1087 3327 1149 3398 Vel
1178 3330 1266 3398 anti·

312 3449 495 3544 quissimus
524 3454 558 3516 et
591 3445 739 3540 optimus
768 3447 914 3541 quisque
942 3470 1040 3543 saepe
1063 3451 1271 3543 turpissimis

312 3564 499 3656 erroribus,
526 3589 673 3660 quorum
698 3571 800 3636 nunc
816 3567 960 3637 tironem
990 3568 1094 3662 paulo
1120 3570 1271 3664 diligen-1

312 3688 431 3758 tiorem
454 3683 615 3778 puderet,
641 3685 839 3779 inquinatus
862 3697 922 3758 est.
973 3688 1123 3760 Primum
1150 3693 1269 3762 vitiosa

311 3807 537 3880 recentiorum
556 3807 762 3879 Graeoorum
779 3810 1011 3902 pronuntiatio
1023 3810 1179 3883 millenos
1189 3814 1267 3887 sun-

310 3930 391 4002 dere
412 3927 498 3998 solet
515 3951 658 3999 errores:
683 3940 756 3998 tum
777 3929 1021 4002 homunciones
1045 3934 1175 4028 antiqui
1200 3959 1267 4006 ser·

309 4051 420 4122 uronis
438 4057 560 4144 parum
584 4049 698 4144 periti,
725 4051 816 4122 nacti
837 4059 987 4124 vetustos
1008 4051 1114 4124 libros
1136 4056 1171 4125 in
1189 4056 1267 4150 qui=
