3100 4942
1517 571 1614 641 84

597 794 751 859 νύσω
794 793 1095 855 latentem
1138 789 1305 852 eruit
1349 785 1801 849 Marklandus:
1850 788 1935 873 μὴ
1983 769 2138 852 σύνῶ
2179 782 2423 870 (ξυνῶ),
2472 798 2545 853 ut

598 902 800 986 paulo
845 908 1025 961 ante:
1075 896 1177 962 οὐκ
1212 894 1322 961 οἶδ’
1360 899 1393 960 δ’
1424 918 1476 959 τι
1505 895 1953 981 ζημιωθήσομαι
1995 894 2078 982 μὴ
2124 890 2310 970 ξυνὼν
2359 894 2495 982 ὑμῖν
2510 947 2539 981 ,

601 1006 711 1069 ubi
743 1005 1153 1068 scribendum
1178 1014 1268 1067 est
1303 1004 1384 1067 de
1421 1023 1599 1065 more
1634 1000 1996 1064 Atticorum
2036 1006 2071 1065 ὅ
2097 1026 2153 1067 τι
2184 1003 2282 1069 καὶ
2325 1012 2541 1092 ζημιω-

603 1117 889 1203 θήσομαι.
940 1113 1288 1178 Ostendam
1325 1115 1606 1200 primum
1644 1134 1847 1175 unum
1887 1121 1949 1174 et
1983 1113 2254 1176 alterum
2287 1114 2536 1188 locum,

603 1224 775 1288 unde
817 1225 994 1287 fraus
1041 1233 1479 1287 correctorum
1520 1222 1960 1307 antiquiorum
2001 1231 2260 1308 pateat,
2308 1219 2544 1285 deinde

595 1333 767 1397 illius
809 1332 1330 1416 interpolationes
1372 1352 1674 1416 arguam,
1726 1330 1844 1415 qui
1882 1330 2252 1394 Bekkerum
2289 1340 2349 1392 et
2386 1330 2545 1392 alios

599 1438 884 1523 decepit.
939 1437 1015 1500 ln
1055 1440 1348 1501 oratione
1385 1436 1528 1529 ὑπὲρ
1576 1443 1676 1502 τοῦ
1721 1436 2021 1502 ἀδυνάτου
2054 1459 2207 1523 pag.
2240 1435 2365 1499 168
2386 1434 2548 1523 (412

603 1545 844 1631 Bekk.)
914 1548 1180 1632 legitur:
1234 1545 1350 1612 ’διὰ
1398 1548 1517 1640 γὰρ
1574 1545 1740 1613 οὐδὲν
1794 1547 1941 1611 ἄλλο
1993 1572 2088 1633 μοι
2134 1544 2305 1611 δοκεῖ
2348 1568 2548 1638 παρα-

603 1660 879 1721 σκευάσαι
931 1655 1096 1721 τόνδε
1140 1683 1234 1743 μοι
1283 1657 1377 1723 τὸν
1427 1655 1688 1722 κίνδυνον
1736 1651 1896 1730 οὗτος
1949 1657 1985 1727 ἢ
2040 1655 2148 1721 διὰ
2198 1655 2414 1748 φθόνον.
2463 1689 2553 1702 -—·

605 1764 655 1828 εἷ
690 1765 791 1852 μὲν
825 1767 944 1855 γὰρ
986 1770 1315 1857 χρημάτων
1356 1770 1524 1831 ἕνεκα
1543 1819 1571 1851 ,
1620 1770 2011 1857 συκοφαντεῖ,
2057 1764 2191 1830 εἶδ’
2228 1765 2304 1839 ὡς
2334 1761 2552 1855 ἐχθρὸν

601 1873 808 1939 ἑαυτοῦ
859 1899 931 1962 με
998 1877 1374 1964 τιμωρεῖται,
1436 1872 1744 1961 ψεύδεται.
1798 1873 1904 1938 διὰ
1966 1874 2088 1966 γὰρ
2132 1876 2237 1945 τὴν
2282 1873 2554 1965 πονηρίαν

607 1982 786 2046 αὐτοῦ
833 1982 1049 2068 (scrib.
1100 1984 1206 2052 τὴν
1248 1982 1453 2067 αὐτοῦ)
1509 1984 1640 2047 οὔτε
1684 1981 1841 2074 φίλῳ
1889 1982 2005 2047 οὔτ’
2058 1982 2270 2074 ἐχθρῷ
2319 1984 2552 2049 πώποτε

602 2088 950 2177 ἐχρησάμην
1002 2093 1183 2179 αὐτῷ.
1239 2115 1407 2175 qnae
1455 2113 1653 2175 quam
1702 2090 1983 2155 absurda
2030 2092 2155 2154 sint
2197 2090 2357 2154 nibil
2402 2092 2550 2154 atti-

602 2209 713 2260 net
757 2199 1110 2261 ostvffllnre.
1183 2199 1459 2259 Salonini
1517 2219 1731 2261 errore
1794 2198 2062 2262 confusa
2120 2199 2379 2262 suntin
2422 2199 2551 2263 hoe

599 2306 784 2380 loce,
842 2319 906 2367 nt
958 2311 1183 2391 passim
1235 2307 1413 2379 alihi‚
1467 2305 1526 2370 οὐ
1563 2316 1625 2368 el.
1664 2307 1756 2392 ei,
1801 2305 1927 2372 οὐδ’
1973 2317 2035 2369 et
2072 2306 2120 2372 εἷ
2164 2302 2225 2370 δ’
2264 2316 2325 2369 et
2362 2307 2554 2372 facile

601 2411 854 2473 vincam
886 2415 1207 2495 scripsisse
1243 2423 1599 2476 oratorem:
1649 2414 1712 2479 οὐ
1744 2413 1848 2502 μὲν
1884 2414 2004 2507 γὰρ
2037 2419 2362 2509 χρημάτων
2390 2418 2551 2481 ἕνεκα

608 2525 958 2609 συκοφαντεῖ
998 2519 1118 2583 οὐδ’
1163 2523 1239 2595 ὼς
1279 2519 1495 2607 ἐχὲρὲιν
1528 2520 1737 2586 ἑαυτοῦ
1776 2548 1848 2611 με
1886 2526 2243 2615 τιμωρεῖται.
2290 2522 2394 2589 διὰ
2433 2525 2554 2617 γὰρ

609 2630 712 2697 τὴν
739 2635 1006 2719 manubria
1042 2635 1138 2699 τὴν
1171 2631 1347 2691 αὐτοϋ
1383 2631 1504 2691 :³:2³-
1548 2628 1662 2691 ubi
1696 2652 1902 2714 quum
1941 2632 2133 2694 semel
2175 2632 2222 2696 εἷ
2263 2634 2368 2719 μέν
2402 2644 2465 2697 et
2502 2634 2553 2699 εἷ

609 2735 681 2802 δέ
715 2739 1025 2823 scriptum
1071 2748 1227 2801 esset
1267 2738 1629 2822 suspicatus
1668 2739 1903 2824 aliquis
1943 2740 2205 2803 alteram
2240 2742 2556 2827 apodosin

608 2848 853 2932 requiri
889 2841 1230 2911 infeliciter
1271 2845 1548 2935 ψεύδεται
1585 2847 1882 2924 inseruit,
1925 2847 2106 2911 haud
2140 2867 2323 2910 secus
2359 2857 2560 2934 atque

610 2960 847 3043 κάμνειν
905 2956 1102 3020 modo
1157 2957 1430 3020 vidimus
1490 2956 1785 3041 Euripidi
1843 2956 2199 3020 obtrusum.
2289 2955 2561 3021 Gravius

610 3067 818 3128 multo
887 3064 1156 3128 affectus
1209 3075 1301 3128 est
1366 3066 1548 3128 locus
1605 3064 1672 3126 in
1738 3065 2032 3127 oratione
2084 3065 2244 3129 κατὰ
2305 3064 2562 3140 Φίλωνος

617 3196 686 3259 p.
735 3170 883 3235 188.
936 3153 1097 3257 (462
1153 3171 1395 3258 Βοιὼ.)
1461 3166 1625 3246 οὗτος
1681 3170 1861 3236 τοίνυν
1914 3170 2026 3258 οὐχ
2076 3175 2231 3247 ὅπως
2277 3172 2566 3265 ὠφελήσω

630 3284 733 3348 τὴν
785 3280 950 3346 πόλιν
992 3279 1050 3345 ἐν
1090 3281 1325 3370 τοιούτῳ
1373 3288 1554 3372 καιρῷ
1608 3279 1707 3345 καὶ
1765 3282 2001 3369 τοιαύτῃ
2057 3285 2391 3356 κατας-οἷσει
2438 3279 2563 3346 διε-

629 3392 814 3459 νοήθη
849 3386 985 3452 ἀλλ’
1014 3395 1166 3466 ὅπως
1211 3416 1265 3456 τι
1303 3390 1589 3483 κερδαίνοι
1632 3391 1749 3457 ἀπὸ
1792 3398 1907 3456 τῶν
1944 3387 2233 3483 ὑμετέρων
2261 3396 2569 3481 συμφορῶν

630 3503 1152 3593 παρεσκευάσατο,
1199 3503 1265 3565 in
1309 3521 1445 3586 quo
1498 3500 1662 3578 hdo,
1712 3501 1976 3587 opinor,
2030 3500 2438 3563 manifestum
2478 3509 2571 3563 est

631 3611 744 3696 οὐχ
787 3615 943 3684 ὅπως
989 3632 1022 3673 e
1070 3629 1247 3671 more
1288 3607 1508 3670 Attico
1551 3626 1675 3692 pro
1713 3630 1851 3685 non
1896 3615 2165 3670 tantum
2211 3628 2349 3669 non
2394 3607 2569 3692 posi-

631 3730 767 3782 tum
812 3718 1103 3781 fefellisse
1157 3714 1513 3790 hominem,
1579 3716 1953 3799 praesertim
2014 3736 2223 3800 quum
2279 3712 2573 3805 ὠφελῆσαι

635 3834 792 3891 noto
830 3845 1043 3888 errore
1079 3843 1200 3909 pro
1233 3822 1490 3914 ὠφέλησε
1526 3824 1839 3908 scriptum
1878 3832 2064 3898 esset,
2117 3820 2292 3884 unde
2330 3823 2581 3907 liquido

634 3940 910 4019 apparet
973 3928 1240 3994 verbum
1305 3926 1577 4001 διενοήθη
1640 3929 1848 3992 eidem
1923 3931 2261 3993 temeritati
2326 3930 2579 4006 deberi,

640 4060 774 4125 qua
826 4038 1158 4124 superiora
1221 4037 1573 4124 depravata
1620 4059 1751 4102 esse
1792 4038 2246 4123 comperimus,
2317 4038 2592 4106 Videtur
