3100 4942
725 501 795 575 151

268 722 528 807 ι’·νλσιιισθήσιται)
562 722 706 790 ὑποθεῖναι
736 720 917 815 ἀλεκτορίσιν
945 721 1003 789 εἴτε
1032 718 1117 787 δυσὶν
1143 722 1164 793 b
1190 723 1242 790 καὶ

269 832 378 900 πλείοσι
400 830 458 896 ’καὶ
482 828 595 906 itatem
625 832 733 923 ἡμέρας
755 830 817 896 ἀπὸ
840 839 891 906 τῆς
918 829 1054 923 δευτέρης
1079 828 1245 923 ἀρξάμενος

268 943 355 1033 μέχρι
382 948 432 1015 τῆς
456 938 571 1017 {syriane
595 939 615 1025 ᾗ
636 938 751 1029 ἐκλέψει
775 939 808 1005 τὰ
831 940 887 1028 ᾠὸν
909 938 1051 1032 ὑφαιρέων
1072 937 1122 1003 καὶ
1146 964 1243 1007 ιιατα-

269 1050 362 1141 ymon
379 1056 496 1113 σκοπῶν
512 1048 621 1142 εὑρήσει
638 1053 746 1135 ἔχοντα
764 1053 866 1114 πάντα
887 1050 967 1114 κατὰ
986 1051 1034 1115 τὸν
1056 1047 1124 1135 ἐμὸν
1142 1047 1241 1138 λόγον.

270 1159 310 1223 ln
330 1179 369 1221 eo
389 1157 487 1243 igitur
508 1158 583 1219 loeo
602 1156 781 1240 antiquitus
799 1155 956 1242 scriptum
977 1156 1055 1219 luit:
1079 1158 1104 1222 εἷ
1124 1161 1185 1251 γάρ
1204 1183 1247 1235 τις

272 1265 367 1333 ἐθέλει
390 1264 437 1353 ᾠὰ
453 1268 580 1340 -ὅκως
602 1263 872 1337 ἐκλαπήσεται
895 1262 1046 1330 ὑποθεῖναι
1068 1264 1247 1359 ἀλειιτσρισιν.

191 1412 195 1419 ·
269 1377 327 1443 εἴτε
356 1374 438 1441 δυοῖν
468 1371 486 1443 b
517 1369 567 1437 καὶ
596 1371 720 1437 πλείοσι.
766 1372 890 1455 Nempe
919 1372 1054 1436 verbum
1087 1372 1183 1441 λέπειν
1213 1388 1247 1441 et

269 1484 449 1570 composita
476 1479 641 1543 habebant
667 1480 822 1543 aoristum
846 1477 992 1551 λαπήναιι
1017 1482 1129 1567 itaque
1149 1486 1247 1548 tritis-

270 1594 385 1656 simum
415 1589 543 1655 ἕκλέπειν
578 1588 720 1651 habebat
754 1587 918 1660 ἑκλαπῆναι
954 1599 987 1652 el
1014 1586 1245 1662 ἓκλαπήσεσθαι.
1352 1581 1356 1589 ’

271 1696 386 1762 Graeci
410 1695 605 1761 recentiores
632 1694 807 1760 utebantur
822 1698 939 1762 -lorma
961 1696 1085 1782 λεπίζειν
1110 1710 1142 1763 et
1164 1699 1247 1769 ἐκλι-

272 1811 364 1885 alena
371 1860 385 1893 ,
404 1806 491 1871 unde
506 1802 596 1891 apud
611 1803 808 1889 Hesychium
825 1806 1047 1894 prolatatum,
1066 1807 1247 1884 λαπισθήναι

274 1918 399 2003 corrige
421 1916 513 1979 sodes
533 1913 726 1984 λεπισθήναις
751 1915 829 1978 hinc
849 1917 892 1980 ad
914 1916 1111 1991 ἕκλαιιήσεται
1133 1922 1252 1987 adscri-

274 2036 368 2112 ptum
401 2034 452 2087 est
467 2019 713 2094 ἐκλεπισθήσεται
721 2076 734 2109 ,
767 2024 860 2109 quod
889 2037 1002 2111 postea
1032 2030 1066 2094 in
1093 2032 1253 2119 genuinae

172 2216 174 2225 1
273 2133 419 2197 lectionis
440 2131 549 2195 locum
571 2131 707 2217 irrepsit.
735 2128 782 2194 In
802 2130 983 2219 fragmento
1007 2136 1251 2227 Aristophanis,

274 2239 497 2327 quodattulit
524 2238 710 2315 Erotianus,
742 2238 978 2324 perridicnlum
1004 2245 1118 2323 vitium
1143 2249 1254 2315 adhuc

274 2356 459 2443 philologos
481 2352 622 2437 decepit.
639 2438 641 2444 Ι
657 2352 838 2439 scripserat
860 2354 960 2420 Poeta
985 2378 1047 2442 pro
1072 2363 1178 2448 φήμαις
1205 2352 1253 2425 οὖν

275 2462 334 2551 ἐγώ
359 2463 439 2527 nihil
465 2462 555 2526 aliud
577 2481 679 2546 quam
700 2462 770 2552 φήμ’
794 2456 843 2529 οὖν
867 2460 948 2549 ἐγώ,
978 2466 1070 2550 quod
1096 2489 1200 2552 quum
1221 2470 1256 2533 in

275 2571 381 2639 Codd.
404 2570 504 2634 scribi
533 2570 634 2633 soleat
655 2570 717 2634 sic:
749 2571 892 2663 φήμ”σῦν
919 2582 951 2635 et
978 2572 1041 2658 (”)
1072 2574 1110 2637 sit
1132 2575 1254 2639 tritissi-

275 2704 365 2747 mum
384 2677 615 2766 compendium
636 2678 780 2763 syllabae
801 2716 845 2730 -·-
862 2708 927 2767 αις,
949 2679 1058 2747 beavit
1075 2704 1134 2766 nos
1155 2682 1255 2746 libra·

275 2790 342 2856 rius
363 2788 479 2875 aliquis
505 2784 676 2853 bellissima
703 2788 861 2854 lectione:
892 2797 1009 2882 φήμαις.
1051 2789 1186 2877 Saepius
1207 2791 1254 2855 sic

277 2906 419 2961 erratum
445 2902 508 2957 est:
537 2891 571 2954 in
595 2912 689 2955 versu
708 2891 956 2958 Phoenissarum
983 2897 1077 2962 1371.

442 2993 467 3065 ὦ
489 2999 597 3088 τλῆμον
618 2998 674 3066 οἷον
697 3002 826 3093 τέρμον’,
850 3003 993 3090 ’inanit-n,
1017 3002 1080 3087 βίον

276 3110 393 3199 legitur
422 3109 456 3172 in
484 3108 668 3171 Florentino
692 3108 808 3171 codice
832 3112 923 3195 apud
949 3113 1254 3207 Valckenaer.159.

279 3217 534 3306 paramonarios,
562 3214 649 3277 unde
671 3214 814 3300 pellucet
842 3224 955 3283 veteris
978 3220 1050 3284 libri
1075 3222 1253 3306 scriptura:

280 3316 521 3417 τέρμσνι’”σιισίςη
543 3342 623 3409 pro:
655 3324 912 3418 τέρμον”ισκσίςή
946 3331 1001 3394 Sic
1023 3352 1127 3416 quum
1151 3329 1199 3417 (⁹)
1224 3342 1256 3396 et

279 3453 342 3521 pro
372 3430 570 3516 apostropho
599 3442 742 3519 ponatur
764 3444 811 3497 et.
818 3458 879 3521 pro
901 3438 1024 3523 syllaba
1042 3464 1120 3515 -ες
1141 3440 1259 3527 legitur

283 3540 392 3605 adhuc
413 3540 447 3603 in
468 3538 609 3601 Erotiani
632 3537 800 3607 Proocrnio
825 3567 859 3629 p.
886 3543 939 3608 ta.
970 3545 1083 3608 Franz.
1107 3545 1256 3642 ἐμφρόνως·

281 3649 387 3725 εἰδότες
418 3646 523 3737 ἄνδρες
556 3646 764 3735 ἑπαμύνασὲναι
790 3655 838 3716 ὅτε
868 3676 910 3730 τις
939 3657 1076 3746 πρότερος
1106 3658 1256 3750 χαλεπήνρ

283 3780 345 3847 pro
367 3756 457 3849 ἄνδρ’.
477 3759 695 3847 ἀπαμύνασθαι
717 3780 756 3823 ex
782 3763 945 3827 notissimo
969 3766 1045 3829 loco
1066 3767 1196 3832 Homeri
1217 3771 1256 3834 ll.

282 3868 324 3933 Ω.
346 3866 422 3931 369.
467 3866 607 3932 Omnino
633 3868 773 3954 plurima
799 3870 895 3936 buius
915 3876 1040 3961 generis
1061 3878 1193 3961 reperiri
1215 3899 1255 3943 ac

280 3976 404 4040 restitui
423 3985 591 4062 poterunt,
615 3977 769 4061 imprimis
792 4000 831 4042 ex
850 3982 991 4068 antiquis
1012 3982 1254 4065 Grammaticis,
