3100 4942
245 824 283 899 εἷς
296 808 429 887 suturas·
443 808 570 895 καόίςιι.
591 806 715 907 Nerupe
729 810 938 885 *scrihenduru
950 832 998 887 eat
1014 825 1051 890 ἶν’
1068 824 1219 903 antennae

245 953 285 997 ex
307 930 468 995 constanti
491 950 549 992 usu
571 928 788 1005 Graecorum,
813 950 911 1014 quem
935 918 1023 995 reete
1044 936 1220 1021 cogitando

247 1058 373 1125 semper
393 1037 495 1099 secuti
523 1046 614 1110 sunt,
648 1056 716 1121 quo
746 1047 820 1123 post
848 1030 1005 1125 ἐβουλόμην
1027 1047 1085 1127 ἄν,
1108 1041 1220 1134 ἐχρῆν,

249 1136 333 1231 εἴθε,
354 1143 463 1236 ὤφελον
483 1152 513 1205 et
534 1142 671 1217 siuriiia‚·
687 1143 850 1226 particula
871 1150 917 1207 ἵνα
935 1147 968 1207 in
990 1138 1130 1233 pedestri
1148 1171 1222 1212 ora-

248 1256 336 1319 tione
357 1264 388 1317 et
410 1260 576 1339 praeterea
599 1250 659 1336 ὡς,
682 1256 757 1327 ὅπως
772 1240 995 1339 οριιόροόιοο
1010 1255 1222 1322 indicativum

247 1361 381 1427 habent.
414 1360 525 1424 Fidem
547 1359 646 1422 saciat
672 1361 740 1445 ipse
769 1362 878 1445 Lysias
905 1385 938 1447 p,
966 1360 1023 1425 tot
1053 1364 1142 1447 (238.
1166 1365 1220 1450 Β.)

249 1470 407 1559 ἐβουλόμην
431 1469 459 1535 δ’
487 1468 523 1533 ἂν
547 1470 589 1556 μὴ
615 1470 777 1557 ἀπολαχεῖν
800 1471 888 1537 αὐτόν
915 1476 1017 1563 κριτὴν
1045 1477 1222 1564 Διονυσίοις,

248 1582 283 1647 ἵν’
313 1582 381 1671 ὑμῖν
410 1580 530 1673 φανερός
561 1569 670 1665 ἐγένετο
700 1578 763 1666 ἐμοὶ
799 1579 1007 1671 διηλλαγμένος
1043 1594 1074 1645 et
1105 1610 1139 1671 p.
1167 1586 1221 1651 98.

248 1688 341 1775 (230.
359 1688 426 1773 Β).
451 1685 607 1775 ἐβουλόμην
629 1686 659 1751 δ’
675 1682 735 1773 ἂν,
753 1682 777 1751 ὦ
797 1686 907 1773 βουλή,
929 1690 1048 1774 Σίμωνα
1066 1696 1119 1765 τὴν
1134 1695 1224 1768 αὐτὴν

251 1798 369 1887 γνώμην
386 1794 447 1884 ἐμοὶ
467 1786 598 1883 ἔχειν’ἵό
620 1798 795 1888 ἀμφοτέρων
816 1798 897 1883 ἡμῶν
913 1798 1087 1877 ἀκούσαντες
1102 1804 1222 1879 τάληθῆ

250 1906 363 2001 ῥᾳδίως
382 1910 486 1995 ἔγνωτε
505 1907 545 1970 τὰ
561 1903 676 1971 δίκαια.
712 1905 800 1986 Quid
818 1908 947 1968 interest
966 1908 1049 1970 inter
1067 1909 1226 2001 ἐβουλόμην

254 2016 290 2081 ἂν
310 2014 399 2079 -ἵν’
417 2019 524 2102 ἔγνωτε
550 2023 581 2076 et
603 2010 762 2103 ἐβουλόμην
784 2013 821 2077 ἂν
846 2012 935 2077 -ἶν’
960 2016 1138 2089 anteacta?
1168 2021 1225 2083 Ni-

249 2123 296 2188 hiI
324 2122 468 2187 omniuo.
509 2120 594 2187 Vide
620 2141 708 2184 nuuc
736 2122 818 2206 quid
840 2122 1075 2207 designaverint
1103 2114 1225 2192 librarii

251 2240 307 2295 aut
330 2232 487 2295 temerarii
510 2241 710 2296 correctores
731 2232 765 2294 in
788 2233 923 2295 Luciani
947 2234 1081 2321 Diatogo
1105 2238 1226 2301 Mortu-

251 2360 345 2403 orum
374 2339 432 2405 VI.
466 2340 557 2402 Torn.
584 2339 610 2401 Ι.
646 2363 679 2425 p.
709 2337 785 2403 348.
825 2340 929 2406 εἰδέναι
956 2340 1048 2433 ἐχρῆν
1075 2348 1147 2409 πότε
1174 2344 1225 2411 καὶ

253 2448 427 2527 τεθνήξεται
452 2458 510 2515 τῶν
531 2452 669 2541 γερόντων
691 2454 796 2525 ἔκαςος
817 2458 863 2515 ἵνα
888 2455 930 2539 μὴ
959 2458 1056 2541 μοι’την
1081 2455 1117 2519 ἂν
1138 2454 1226 2532 ε’νιόυς

252 2559 442 2652 ἐθεράπευον.
489 2560 647 2645 Expuuge
677 2571 885 2645 quantocyus
912 2563 1135 2648 importunum
1169 2572 1227 2652 ἄν,

253 2690 321 2755 quo
344 2668 508 2733 Graecitas
528 2668 764 2753 pessumdatur.
800 2669 838 2730 Iu
860 2670 934 2732 Ioco
959 2670 1136 2734 Philodemi
1163 2672 1226 2765 περὶ

252 2784 362 2845 κακιῶν
387 2778 419 2838 iu
449 2776 580 2841 Votum.
606 2776 780 2839 Herculun.
817 2777 854 2839 Τ.
874 2777 934 2841 111.
968 2780 1057 2843 Part.
1079 2778 1124 2841 II.
1154 2780 1223 2845 Cot.

253 2886 363 2951 XXIII
387 2884 519 2971 legitur:
650 2888 656 2895 '
931 2892 937 2899 '
978 2964 983 2973 Ι

408 2990 459 3058 καὶ
481 2992 550 3083 πρός
573 2990 638 3068 τοὺς
661 2993 890 3081 συγκαθημένους
910 2994 1062 3082 θαυμάζον

407 3126 446 3168 τα
469 3101 517 3167 καὶ
539 3100 787 3194 προσκαλούμενος
809 3102 846 3177 εἷς
868 3126 911 3167 ναι

408 3211 537 3297 νολογιάν
558 3208 708 3302 ροβεῖσθαι
730 3207 780 3274 καὶ
802 3209 883 3275 satta

407 3343 483 3407 χιςα
504 3320 625 3408 ροίσκειν
647 3322 744 3407 ἄπορα
766 3317 902 3408 καταγαί

409 3425 480 3493 νεσθ“
502 3424 598 3513 ἑαυτῷ
620 3422 670 3489 καὶ
693 3424 875 3511 διαγελάσαν

409 3556 468 3611 τος·
495 3534 595 3626 ὀρθῶς
616 3558 673 3622 μου
695 3538 884 3628 καταφρονεῖς
1011 3573 1016 3580 -

407 3639 573 3717 τηλικοῦτος
595 3647 656 3727 ὤν,
679 3641 728 3707 καὶ
750 3645 812 3734 γὰρ
835 3642 873 3707 αὐ
1079 3661 1081 3666 “

408 3747 775 3815 ΤΟΟΕΜΑΥΤΟΥΚΑΙ
787 3799 795 3814 .
805 3746 973 3815 ΕΟΟΩΦΕ
985 3794 992 3809 .
1005 3744 1069 3813 ΟΝ

407 3860 458 3925 ΕΙ
473 3907 481 3923 .
495 3856 780 3925 ΑΙΚΑΙΜΗΓΕ
799 3904 833 3925 ..
850 3906 858 3923 .
877 3855 1068 3924 .ΝΕΜΑΥ

158 4046 160 4049 ,
406 3968 783 4037 ΤΟΝΥΠΕΤΑΞΑΕΟΙ.

252 4075 456 4167 Neapolitani
477 4088 658 4163 utcumque
682 4076 845 4141 literarum
868 4074 1036 4138 numerum
1051 4074 1222 4161 suppleve-
1247 4108 1272 4129 ,-
