3100 4942
753 498 827 571 152

305 739 447 805 quorum
469 717 594 781 assidua
616 715 756 781 lectione
776 715 856 780 nihil
876 725 925 781 est
946 716 990 782 ad
1011 715 1107 782 crisin
1127 739 1284 787 aucen-

306 829 383 893 dam
404 827 608 891 fructuosius.
652 822 774 890 »Unus
801 822 991 910 Hesychius
1013 827 1162 891 scienter
1179 834 1279 915 peri·

307 946 406 1023 teque
434 942 604 998 tractatus
628 936 663 997 si
688 934 898 1018 conplures
926 942 1017 998 certe
1037 936 1195 1001 meliores
1219 961 1280 1001 ua·

306 1047 440 1107 riantes
464 1043 698 1130 suppeditabit
726 1065 829 1130 quam
858 1066 970 1109 omnes
992 1049 1140 1111 omnium
1164 1046 1281 1113 biblio·

306 1154 478 1217 thecarum
495 1161 626 1216 veteres
637 1152 875 1215 membranae’'
894 1154 1091 1216 verissimum
1109 1164 1156 1219 est
1167 1154 1282 1221 Ruhn-

305 1262 394 1325 kenii
416 1260 572 1324 iudicium
605 1258 653 1345 (in
679 1258 819 1321 Praefat.
848 1258 891 1321 ad
919 1257 1059 1343 Hesych.
1086 1260 1130 1325 11.
1149 1284 1184 1348 p.
1202 1261 1279 1348 lx.)

306 1370 398 1457 quod
415 1370 506 1433 novis
524 1388 650 1454 semper
666 1366 870 1431 documentis
887 1365 1109 1432 confirmatur.
1133 1370 1283 1435 Felicitcr
1365 1414 1369 1421 -

307 1479 350 1543 ad
372 1476 522 1562 Aeschyli
546 1476 636 1563 Sept.
658 1476 732 1540 adv.
756 1474 857 1538 Theb.
880 1494 925 1539 vs.
953 1473 1015 1538 lto
1036 1495 1086 1563 sq.

535 1588 537 1595 ’
574 1588 611 1654 ου’
634 1587 661 1654 τ’
683 1583 707 1653 ὦ
728 1587 912 1675 Λατογένεια
934 1585 1025 1677 κούρα

573 1697 656 1778 τόξον
677 1691 708 1764 εὖ
730 1702 877 1776 πυκάζου.

305 1804 453 1870 adhibuit
482 1802 667 1869 Dindorfius
696 1805 913 1890 hesychium:
947 1804 1131 1892 εὐτυκάζου,
1161 1809 1284 1874 εὔτυκον

291 1919 380 2002 ἔχε,
401 1918 522 1998 ἕτοιμον.
567 1912 758 1977 Felicissime
788 1912 875 1974 idem
899 1912 935 1975 in
964 1913 1056 1977 Thes.
1078 1913 1116 1975 L.
1138 1911 1176 1977 G.
1200 1934 1284 1980 voce

309 2022 547 2108 καταπλόσσομαι
570 2040 644 2083 cum
666 2018 891 2104 Aristophanis
915 2020 1113 2105 fragmento:
1381 2011 1383 2015 ⁸

458 2125 556 2215 ἦμὴν
579 2129 645 2203 ἴσως
666 2127 703 2193 σὺ
726 2128 942 2219 καταπλυγόσῃ
964 2136 1006 2219 τῷ
1029 2131 1137 2219 χρόνῳ.

395 2241 433 2305 Β.
458 2237 490 2304 τό
511 2236 726 2327 καταπληγήσῃ
750 2244 835 2303 τοῦτο
859 2239 943 2330 παρὰ
965 2245 1024 2304 τῶν
1046 2238 1187 2333 ῥητόρων.

306 2348 487 2433 composuit
509 2347 617 2409 iocum
642 2346 731 2409 hunc
752 2346 921 2433 Hesychii:
947 2349 1222 2438 καταπλκχκμήσαε
1247 2350 1281 2417 τό

305 2458 389 2545 βῆμα
412 2457 616 2546 καταπλῆχμοι
639 2456 767 2547 λέγουσι.
793 2458 825 2523 τό
842 2450 889 2523 οὖν
910 2462 1083 2531 κατοᾶόσαι
1103 2464 1281 2550 μετάγοντες

305 2567 364 2635 ἀπό
389 2575 448 2632 τῶν
472 2566 642 2675 κυλισμένων
667 2568 717 2632 καί
744 2571 803 2643 τοῖς
831 2566 895 2635 ποσὶ
924 2575 1166 2662 κατατρεχόντων
1186 2574 1279 2646 οὕτως

306 2697 378 2793 φασὶ
408 2680 641 2791 κατακρατηθέι.
676 2698 744 2785 (Sic
762 2701 876 2765 unicus
894 2700 1025 2784 codex.)
1041 2700 1221 2764 felicissime
1237 2700 1280 2764 vi-

305 2811 353 2873 dit
372 2809 546 2894 utrobique
561 2808 771 2897 καταπλιχήσει
791 2830 857 2872 esse
876 2810 1121 2896 corrigendum,
1143 2820 1175 2873 at
1195 2812 1279 2873 mut·

305 2927 373 2980 tum
400 2915 559 2979 aberravit
586 2916 628 2979 nb
652 2915 888 3001 significatione
912 2916 1001 2979 verbi
1025 2920 1279 2987 καταπλίσσεσθαι

303 3046 412 3111 neque
441 3026 524 3088 adeo
546 3022 844 3107 interpretationem
873 3022 1023 3107 Hesychii
1048 3036 1137 3090 recta
1159 3030 1279 3092 consti·

305 3146 395 3199 tuere
414 3133 532 3219 potuit.
556 3130 708 3195 Adhibita
729 3133 828 3194 attera
845 3132 946 3217 glossa
965 3154 996 3196 v.
1017 3133 1152 3223 nhr'ppaz
1173 3136 1258 3226 βῆμα
1266 3192 1279 3224 ,

307 3242 367 3308 ἀπὸ
383 3248 441 3307 τῶν
459 3239 632 3327 κυλιομένων
653 3238 703 3305 καὶ
722 3240 904 3304 παλαιόντων
922 3245 993 3306 όταν
1011 3244 1201 3337 παραβάντες
1221 3250 1280 3321 τοῖς

308 3349 424 3415 σκέλεσι
446 3349 626 3435 κατέχωσιν,
648 3348 716 3444 (ubi
738 3350 808 3434 lege
831 3348 1001 3441 περιβόντες
1011 3404 1024 3436 ,
1049 3351 1136 3415 unde
1154 3352 1281 3446 πεμβοί-

306 3458 363 3530 δην
389 3460 421 3521 in
441 3458 553 3521 eadem
576 3479 610 3521 rc
633 3457 773 3533 dicitur,
797 3468 828 3522 et
847 3462 955 3523 omnia
974 3468 1068 3523 erunt
1090 3462 1280 3548 perspicua)

224 3648 227 3655 .
307 3570 353 3633 sie
377 3568 582 3631 scribendum
611 3580 676 3631 est:
699 3571 931 3659 καταπλιχόσαε
955 3570 1224 3661 κατακρατοθήσῃ.
1249 3571 1283 3637 τό

311 3676 397 3767 βῆμα
425 3678 485 3766 γὰρ
515 3677 630 3765 πλέγμα
652 3677 778 3764 λέγουσι.
810 3678 843 3744 τό
868 3672 915 3744 οὖν
938 3685 1165 3769 κατακρατήσαι
1186 3684 1282 3766 μετοί-

310 3812 408 3879 χοντες
438 3785 498 3850 ἀπό
531 3792 590 3853 τῶν
618 3786 791 3874 κυλισμένων
825 3785 964 3865 καὶτοῖς
1000 3786 1066 3852 ποσὶ
1098 3792 1285 3875 κατεχόντων

310 3902 401 3972 οὕτως
423 3896 522 3989 φασίν.
555 3896 698 3962 Verbum
722 3908 768 3960 est
787 3899 828 3962 de
845 3900 1023 3985 palaestra:
1052 3896 1107 3961 ubi
1130 3900 1285 3984 quemad·

307 4008 442 4074 modum
473 4004 730 4091 κατακλιμακιξειν
759 4016 806 4070 est
838 4007 970 4071 vincere
996 4006 1213 4072 adversarium
1246 4026 1283 4070 ca
