3100 4942
757 576 802 651 81

279 775 412 884 prorsus
432 798 602 883 perierint,
634 804 664 858 et
695 803 807 858 actum
834 795 876 859 de
906 796 963 860 itto
988 778 1063 862 loeo
1091 798 1253 867 tuissetai

278 906 556 991 quemadmodum
591 906 625 968 in
658 914 706 967 tot
739 904 828 978 aliis,
861 905 1077 970 recentiorum
1112 930 1251 995 apogra-

280 1012 421 1099 phorum
457 1014 523 1077 fide
562 1022 592 1076 et
631 1012 830 1075 auctoritate
856 1012 1006 1077 standum
1045 1026 1134 1079 esset.
1183 1015 1250 1079 Gli-

277 1131 418 1185 soentem
448 1121 553 1185 labem
579 1138 747 1205 possumus
775 1120 879 1182 ocutis
907 1121 1075 1188 subiicere.
1115 1124 1251 1190 Codices

278 1241 311 1294 et
332 1230 487 1293 editiones
510 1227 592 1291 haec
613 1226 790 1289 dederunt:

412 1338 443 1402 τί
462 1335 540 1408 δῆτα
563 1330 621 1402 ούσι
643 1335 747 1401 δεῖσε
769 1334 996 1423 κατθανούμενον

413 1446 446 1511 τί
462 1444 528 1515 δῆτ’
553 1437 612 1509 οὖσι
634 1442 738 1509 δεῖσε
762 1443 988 1531 κατθανούμενον

413 1555 447 1619 τί
463 1552 542 1631 δῆτα
564 1545 634 1619 οὖσι,
649 1550 701 1617 δεῖ
717 1574 751 1614 σε
773 1550 926 1615 κατθανεῖν

411 1663 441 1728 τί
460 1661 539 1730 δῆτα
563 1660 595 1725 ού
617 1657 720 1723 δεῖσε
742 1657 895 1722 κατθανεῖν

414 1773 446 1839 τί
464 1768 544 1841 δῆτα
565 1767 617 1833 δεῖ
634 1789 668 1831 σε
691 1765 841 1831 κατθανεῖν

411 1881 444 1945 τί
461 1876 542 1947 δῆτα
563 1868 624 1940 ούσι
648 1871 697 1939 δεῖ
716 1894 748 1936 σε
771 1876 891 1957 κάμνειν
913 1870 1140 1961 κατθανούμενον

409 1990 442 2055 τι’
458 1985 539 2057 δῆτα
560 1984 612 2050 δεῖ
631 2008 665 2047 σε
688 1986 807 2069 κάμνειν
829 1980 1055 2070 κατθανούμενον

411 2098 444 2161 τί
462 2094 542 2165 δῆτα
565 2092 615 2158 δεῖ
634 2116 667 2157 σε
689 2095 810 2175 κάμνειν
831 2091 993 2157 κατθανεῖν.

276 2206 376 2269 Fraus
396 2224 501 2279 nunc,
528 2201 620 2287 quod
639 2197 807 2273 dicebam,
833 2209 981 2285 apparet.
1016 2198 1178 2264 Librarius
1196 2202 1251 2265 ati·

274 2315 350 2398 quis
377 2312 493 2375 olime
520 2310 729 2374 vetustissimo
764 2307 847 2369 libro
875 2309 959 2370 male
988 2328 1048 2393 pro
1077 2309 1251 2377 ΤΙΔΗΤΑ.

276 2418 540 2490 ΘΥΕΙΝΔΕΙΟΕ
560 2416 649 2481 aliud
670 2438 765 2502 agens
784 2416 873 2480 dedit
890 2418 921 2483 τί
939 2415 1018 2487 δῆτα
1041 2409 1117 2483 ούσιν
1136 2416 1249 2504 δεῖσε,

273 2532 363 2616 turpi
383 2552 508 2607 errore,
533 2531 589 2594 sed
609 2530 714 2615 perito
737 2529 866 2593 medico
888 2530 984 2593 facile
1003 2530 1150 2596 sanabili.
1186 2533 1263 2621 Qui

275 2637 421 2726 proxime
440 2639 541 2701 secuti
562 2647 635 2701 sunt
654 2638 700 2701 nit
721 2640 780 2701 nisi
799 2637 868 2708 δῆτ’
884 2648 916 2701 et
933 2631 994 2704 ούσι
1012 2651 1247 2725 peccaverunt,

273 2765 359 2831 quae
379 2765 445 2808 non
468 2754 534 2808 tam
556 2745 638 2809 levia
665 2754 738 2808 sunt
766 2765 805 2808 ac
835 2744 1002 2809 ridentur:
1034 2767 1177 2832 namque
1204 2747 1250 2811 sic

273 2856 338 2916 iam
349 2854 487 2916 multum
499 2874 519 2915 a
538 2872 612 2916 vera
632 2853 794 2937 scriptura
816 2852 1047 2932 aberravimus;
1067 2854 1250 2941 supervenit

273 2968 440 3022 corrector
451 2958 581 3043 aliquis,
603 2959 705 3043 quise
717 2968 806 3020 recte
818 2958 1134 3046 iacturumputarit‚
1153 2961 1178 3025 ai
1189 2961 1250 3025 ista

276 3066 319 3130 ad
337 3067 580 3153 grammaticam
599 3067 756 3130 rationem
774 3068 991 3131 conformaret
1012 3066 1199 3133 scribendo:
1221 3069 1254 3134 τί

271 3212 316 3226 -
339 3169 391 3240 δεῖ
411 3196 444 3237 σε
472 3173 681 3237 κατθανεῖν
713 3193 772 3257 pro
797 3174 1034 3264 κατθανούμενον.
1069 3176 1175 3238 Aliam
1194 3197 1247 3240 ra-

270 3285 390 3348 tionem
418 3279 488 3343 iniit
517 3282 695 3344 criticaster
718 3281 817 3358 atius,
852 3284 911 3369 qui
938 3283 1064 3369 aliquid
1093 3284 1247 3349 excidisse

271 3402 359 3456 ratus
373 3390 529 3453 audacter
543 3388 584 3450 de
598 3408 656 3451 suo
672 3394 791 3477 κάμνειν
805 3390 938 3454 intersit.
961 3393 1105 3478 Uterque
1118 3394 1248 3479 reliqui·

271 3521 306 3563 as
321 3500 433 3564 veteris
446 3498 626 3583 scripturae
642 3499 684 3561 ad
702 3520 793 3562 suam
813 3502 1048 3564 correctionem
1067 3521 1249 3566 accommo-

273 3606 375 3682 davit,
394 3605 481 3668 unde
499 3616 596 3675 natae
608 3617 680 3670 sunt
693 3608 754 3671 hae
774 3609 926 3673 lectiones
938 3628 1042 3695 aeque
1054 3619 1242 3696 corruptae:

438 3716 471 3778 τί
487 3711 568 3784 δῆτα
589 3711 640 3778 δεῖ
658 3739 691 3780 σε
714 3716 866 3783 κατθανεῖν

436 3823 469 3887 τί
487 3821 566 3893 δῆτα
588 3819 640 3888 δεῖ
658 3849 691 3889 σε
714 3830 833 3913 κάμνειν
854 3823 1092 3913 κατθανούμενον.
1119 3856 1122 3859 ’

272 3927 413 4012 denique
434 3950 471 3992 ex
496 3940 634 4018 utraque
658 3931 720 3997 hac
744 3935 886 3999 conflata
908 3944 955 3998 eat
976 3954 1064 4020 quae
1092 3932 1244 4018 Wytten·

272 4032 391 4098 bachio
412 4038 554 4123 placuit:
1210 4040 1214 4046 ’

1019 4145 1043 4216 6
