3100 4942
755 493 828 569 110

305 720 401 787 runt,
425 711 549 775 sedita
576 721 612 775 ut
633 713 710 777 novi
731 727 858 799 semper
880 732 1002 777 errores
1031 734 1202 805 novaeque
1229 722 1279 787 la·

304 840 408 881 cunae
435 830 603 882 orerentur
633 828 668 881 ut
690 840 758 903 quo
782 820 820 881 sit
843 822 1002 883 recentior
1032 822 1135 887 codex
1164 828 1280 913 aliquis

307 946 346 987 eo
378 927 417 987 sit
447 926 597 987 deterior·
634 924 780 987 Adhibiti
810 925 920 988 adhuc
950 938 1023 990 sunt
1051 938 1112 992 tres
1146 932 1281 999 Codices

305 1054 322 1094 a
347 1033 449 1096 tribus
471 1033 658 1097 editoribus.
694 1034 961 1118 Franequeranus
984 1035 1024 1097 ab
1044 1038 1195 1119 Arcerio,
1220 1048 1278 1130 qui

302 1142 440 1226 primam
463 1143 537 1206 fecit
558 1141 728 1205 Iamblichi
751 1141 945 1220 editionem,
981 1142 1140 1209 Parisinus
1162 1170 1181 1211 a
1207 1152 1278 1215 Ku-

302 1257 403 1324 stero,
444 1250 501 1333 qui
534 1250 727 1326 secundam,
768 1247 906 1311 cizensis
940 1270 959 1311 a
990 1250 1183 1339 Kieslingio‚
1219 1259 1278 1343 qui

303 1361 440 1421 tertiam.
476 1360 529 1422 Est
549 1370 655 1423 autem
678 1358 782 1421 codex
802 1358 923 1421 Arcerii
943 1359 1140 1424 lutilissimus
1158 1372 1189 1424 et
1208 1384 1278 1448 pes·

302 1468 399 1530 simus
434 1468 515 1530 liber
548 1468 673 1531 lacunis
708 1466 900 1551 mendisque
930 1478 1070 1546 scetem,
1110 1471 1277 1556 aliquanto

301 1573 416 1637 melior
435 1575 614 1651 Parisinus,
638 1594 736 1657 quem
759 1574 855 1656 longe
885 1586 1016 1659 superat
1046 1576 1192 1643 bonitale
1221 1580 1278 1645 Ci-

299 1684 415 1757 sensis,
442 1683 499 1766 qui
521 1684 590 1767 ipse
613 1680 695 1743 adeo
716 1679 820 1741 multo
843 1678 1049 1765 deteriorest
1070 1684 1271 1765 Florentino,

299 1790 386 1853 unde
416 1812 490 1853 cum
521 1789 653 1874 reliquis
674 1786 824 1849 omnibus
856 1796 902 1848 est
931 1803 1143 1877 propagatus.
1178 1796 1274 1859 Nulla

299 1901 397 1985 igitur
426 1900 582 1985 supererit
606 1897 639 1958 in
666 1895 722 1956 illo
752 1895 910 1979 scriptore
945 1896 1092 1962 lectionis
1120 1904 1273 1981 varietas,

297 2018 473 2095 postquam
495 2010 536 2072 de
559 2002 750 2069 lectionibus
772 2004 979 2068 Laurentiarri
1003 2007 1075 2070 libri
1103 2011 1272 2075 constabit.

297 2117 418 2180 Mireris
450 2125 531 2203 quot
564 2114 637 2177 vitia
670 2132 709 2173 ac
743 2108 859 2173 menda
890 2114 938 2174 vel
970 2119 1275 2198 praestantissimum

298 2225 525 2313 apographum
543 2220 734 2287 contineat,
755 2219 904 2282 Laconas
924 2222 1050 2307 aliquot
1068 2234 1099 2287 et
1119 2246 1274 2311 compen·

297 2335 350 2398 dia
370 2334 516 2419 imperite
539 2332 624 2394 lecta
643 2350 740 2414 supra
761 2328 825 2391 iam
845 2329 997 2395 indicavi.
1034 2332 1085 2395 Nil
1104 2343 1191 2397 vetat
1211 2336 1274 2399 alia

297 2442 461 2530 quaedam
483 2442 537 2504 hic
560 2440 721 2525 prolerre,
748 2439 834 2502 unde
859 2440 983 2526 liqueat
1005 2461 1207 2505 communem
1228 2442 1274 2504 le-

301 2549 416 2613 ctionis
444 2549 566 2611 fontem
598 2566 664 2607 csse
697 2543 814 2606 librum
846 2546 1076 2611 Florentinum.
1111 2546 1273 2609 Facillime

299 2666 435 2744 apparet
457 2678 475 2719 e
496 2652 665 2719 vocabulis
690 2650 884 2727 decurtatis,
911 2676 997 2739 quae
1017 2657 1101 2719 male
1123 2656 1272 2763 eupleve-

297 2794 389 2859 ταοὶ,
425 2794 461 2847 ut
490 2783 524 2847 in
555 2780 572 2869 i
599 2779 672 2843 tlt.
705 2776 914 2868 ἒξανιςοίμενοό
933 2807 965 2849 τε
990 2792 1042 2857 τῆς
1067 2766 1111 2851 κόν
1133 2783 1272 2872 νωχελίας

301 2892 389 2960 πάλιν
414 2890 464 2956 καὶ
487 2893 581 2983 κοίρον
603 2886 644 2953 δι’
667 2885 827 2978 ἀλλοτρίων
854 2891 1086 2961 ἀπηλλάσσοντο
1110 2898 1268 2984 ᾀσμάτων.

298 3002 489 3090 apographa
508 3000 629 3063 habent
651 2998 873 3109 κοιτνωχελόας,
897 3003 922 3067 si
944 3004 1039 3067 Musis
1060 3007 1186 3091 placet,
1211 3026 1272 3091 pro

299 3136 396 3209 κοίτης
418 3136 583 3221 νωχελείας.
609 3136 626 3223 S
649 3137 699 3200 lt.
723 3113 846 3227 τροφόν,
869 3134 925 3197 ubi
947 3135 1094 3221 legerunt
1117 3142 1273 3227 προφήταις

300 3325 361 3391 pro
383 3310 542 3397 προφήτου.
580 3306 597 3395 l
623 3307 675 3371 16.
707 3246 840 3402 εὐφημότ,
866 3306 1092 3398 (εὐφημότατα)
1124 3307 1270 3394 legerunt

302 3433 506 3525 εὐφημότατον.
533 3435 623 3523 (42.
648 3443 768 3515 ἄσκηνον
791 3445 842 3514 τὴν
867 3420 923 3508 rai)
950 3434 1086 3525 (ταύτης)
1112 3434 1271 3542 dederunt

301 3565 422 3634 τούτο.
472 3566 527 3630 να
561 3564 661 3651 aas.
699 3569 848 3663 snpra,
877 3602 920 3617 -
949 3568 1039 3639 ατο
1072 3586 1133 3652 pro
1162 3546 1261 3658 annai

306 3700 599 3787 (-·ότα)-αν’ντόν.
625 3702 641 3789 ᾖ
663 3706 716 3770 51.
740 3710 835 3798 τηρεῖν
850 3726 910 3792 pro
931 3668 985 3802 τηό
1003 3701 1172 3795 (τηρῆσαι).
1188 3700 1268 3791 (63.

299 3842 466 3943 βουλόμενον
487 3876 548 3941 pro
570 3792 692 3942 βόνλόθ
711 3858 926 3949 (βουλόμεθα).
967 3858 983 3945 l
1017 3860 1071 3925 72.
1102 3855 1271 3949 φιλομαθίας

298 3951 362 4071 ¹pro
384 3944 491 4079 φλομόι
526 3984 736 4079 (φιλομαθείας)
768 3990 901 4056 solemni
932 4006 1049 4055 errore.
1081 3982 1172 4071 §82
1203 3988 1271 4051 ἄνευ
