3100 4942
805 531 852 600 70

348 755 411 816 rias
433 762 654 814 correctorum
675 752 709 814 in
731 752 806 816 loco
834 752 1013 838 depravato
1038 761 1071 815 et
1091 750 1206 814 mutilo
1227 753 1327 818 inter·

348 861 540 949 potationes.
576 857 716 922 afferam
740 881 840 922 unum
864 870 895 922 et
919 861 1055 923 alterum
1075 859 1185 923 locum
1208 861 1265 924 ubi
1292 864 1329 926 iis

351 966 562 1054 argumentis,
588 988 674 1051 quae
696 968 906 1054 grammatica
926 967 1059 1031 scientia
1079 978 1110 1032 et
1135 989 1246 1032 sensus
1264 974 1327 1034 cri-

351 1079 434 1141 ticus
456 1078 520 1141 sive
542 1097 619 1138 sana
643 1077 725 1139 ratio
752 1077 926 1140 attulerant
951 1077 1049 1140 etiam
1069 1080 1244 1162 pervetusti
1267 1101 1325 1143 co-

351 1188 432 1250 dicis
462 1185 636 1248 auctoritas
662 1185 799 1248 accedit.
832 1184 931 1269 Apud
952 1184 1215 1252 Plutarchum'in
1233 1189 1325 1252 Pauli

349 1296 476 1359 Aemilii
504 1295 568 1357 vita
598 1316 633 1378 p.
659 1291 725 1356 259
758 1293 910 1374 legimus:
942 1291 1029 1356 εἴκοσι
1055 1289 1107 1380 μὲν
1137 1294 1326 1390 αὐτοφόρτους

351 1403 482 1478 ὁλκάδας
507 1395 781 1493 ἐχειρώσατο.’τοίς
808 1398 838 1464 (λ’
864 1401 956 1475 ἄλλας
984 1402 1065 1466 σίτου
1096 1406 1238 1492 γεμούσας
1267 1435 1324 1473 κα-

351 1514 494 1595 τέδνσεν.Ι
514 1513 658 1607 ἐκράτησε
685 1511 719 1577 δὲ
744 1510 793 1575 καὶ
815 1515 971 1605 πεντηρικά
995 1515 1131 1604 τέσσαρα
1146 1515 1196 1581 καὶ
1220 1523 1325 1606 μοὶχην

350 1627 524 1715 ἐπολέμησεν
550 1613 585 1690 ad
606 1624 739 1718 δεύτερον
763 1623 792 1688 ἐν
813 1621 832 1710 ᾗ
855 1631 912 1688 τῶν
935 1614 1083 1690 ὑπατικῶν
1105 1625 1236 1701 Ὀς-ιλιον
1250 1630 1326 1694 ἀπε-

349 1737 493 1829 κρούσατο
516 1733 565 1800 καιΙ
592 1735 758 1819 βιαζόμενον
784 1733 864 1798 κατὰ
886 1733 940 1807 τοὶς
959 1732 1107 1822 Ἐλιμίας.
1132 1759 1233 1822 quam
1262 1739 1324 1801 sint

349 1847 432 1910 haec
463 1846 602 1909 absurda
636 1856 667 1908 et
699 1845 784 1908 male
816 1843 941 1906 Graeca
972 1847 1116 1930 quisque¹
1142 1845 1239 1911 videt.
1282 1847 1325 1908 At

347 1955 413 2018 vidi
447 1954 626 2018 Florentiae
666 1952 922 2037 antiquissimum
957 1954 1125 2018 Plutarchi
1163 1954 1324 2032 codicem,

348 2064 479 2126 saeculo
497 2062 625 2126 decimo
644 2061 863 2148 pulcherrime
885 2062 917 2124 in
940 2061 1133 2126 membranis
1151 2063 1324 2148 scriptum,

349 2173 384 2234 in
404 2192 472 2256 quo
490 2171 580 2234 hunc
602 2169 711 2232 locum
731 2168 931 2254 deprehendi
954 2171 1062 2233 multis
1084 2171 1209 2234 lacunis
1233 2169 1329 2232 hian-

352 2292 434 2356 tem,
468 2300 550 2364 quas
580 2279 674 2341 tertio
707 2279 772 2342 lere
804 2289 877 2364 post
901 2280 1032 2343 saeculo
1064 2273 1241 2343 Graeculus
1271 2277 1329 2340 ali-

350 2391 424 2475 quis
445 2409 506 2474 pro
529 2408 584 2450 sua
608 2388 765 2474 sapientia
792 2390 975 2475 expleverat
999 2390 1033 2453 in
1061 2389 1151 2452 hunc
1173 2387 1324 2450 modum:

352 2499 554 2604 ἐχειρώσατο.
582 2495 642 2590 τὰς
669 2495 700 2575 d'
734 2494 842 2590 ἄλλας
1038 2505 1124 2576 σίτου
1158 2493 1325 2600 γεμούσας

351 2649 508 2699 κατέδυσεν.
553 2645 682 2713 ἐκράτησε
715 2646 747 2696 δὲ
781 2646 828 2696 καὶ
862 2623 1030 2730 πεντηρῑκά
1075 2625 1216 2727 τέσσαρα
1263 2629 1321 2699 καὶ

353 2782 443 2846 νάκην
453 2779 622 2853 ἐπολέμησεν
634 2761 688 2836 τὸν
704 2759 739 2836 δὲ
747 2755 890 2861 δεύτερον
906 2761 1029 2839 ινῆτῶν
1041 2755 1204 2832 ὑπατικῶν
1218 2753 1329 2841 σ’ςιλι-

341 2921 376 2967 ον
389 2882 607 2991 α’πεκρονσατο
625 2914 671 2960 και
689 2883 883 2987 βιαζόμενον
904 2879 990 2960 κατὰ
1007 2917 1056 2970 τις
1073 2888 1213 2990 ελιμιάς.
1237 2897 1326 2978 Quid

351 3012 546 3076 Plutarchus
567 3006 728 3092 scripserit
741 3006 816 3069 sciri
842 3028 931 3069 nunc
950 3027 1018 3069 non
1048 3009 1186 3094 amplius
1204 3021 1329 3096 potest;

353 3117 624 3204 acquiescendum
637 3117 661 3177 si
673 3117 811 3178 sciamus
822 3135 895 3176 eum
907 3124 973 3176 tam
992 3113 1132 3179 absurda
1145 3138 1212 3180 non
1232 3121 1331 3206 scrip-

351 3230 433 3291 sisse.
459 3224 605 3288 Euudem
625 3224 786 3287 credimus
797 3225 830 3286 in
841 3234 904 3287 vata
917 3224 1122 3286 Timoleontis
1140 3249 1174 3311 p.
1195 3228 1261 3290 242
1272 3228 1330 3290 de·

355 3337 436 3400 disse
458 3334 558 3398 haec:
577 3371 621 3379 ——
639 3335 715 3420 τύχη
732 3337 815 3426 ἔργον
832 3331 999 3411 ἐπεδείξατο
1020 3331 1068 3398 τὸν
1090 3333 1220 3410 Σικελίας
1237 3335 1331 3426 ὀλίγῳ

354 3448 521 3536 ἔμπροσθεν
539 3445 675 3535 τύραννον
687 3479 730 3490 -
746 3441 1029 3530 διαπληκτιζόμενον
1048 3440 1077 3508 ἐν
1098 3445 1177 3534 μέσῳ
1196 3448 1255 3518 τοῖς
1277 3445 1332 3538 ἀφ’

354 3565 433 3648 ὥρας
453 3553 653 3646 ἐργαζομένοις
676 3550 802 3639 μνναίοις
811 3603 825 3635 ,
855 3551 909 3625 τὰς
933 3548 967 3614 δὲ
996 3552 1190 3645 μουσουργοὺς
1215 3552 1244 3617 ἕν
1266 3557 1330 3630 ταῖς
1358 3545 1366 3552 ’

356 3663 448 3754 ᾠδαῖς
457 3661 640 3729 διδάσκοντα
659 3661 708 3727 καὶ
719 3660 783 3755 περὶ
800 3662 959 3754 θεατρικῶν
971 3663 1117 3752 ᾀσμάτων
1128 3663 1228 3756 ἐρίζειν
1238 3690 1330 3732 σπον·

353 3776 488 3854 dotto-tra
506 3776 574 3867 πρὸς
596 3773 702 3849 ἐκείνας
728 3773 793 3866 περὶ
814 3773 920 3861 με’λονς
940 3776 1092 3866 ἁρμονίαις.
1118 3776 1264 3860 Apparet
1292 3795 1332 3837 cx

352 3888 466 3951 eodem
486 3881 600 3948 codice
618 3885 650 3947 in
671 3883 781 3946 ultima
803 3893 897 3968 parte
911 3882 992 3946 haec
1007 3891 1134 3948 tantum
1148 3902 1214 3945 esse
1230 3882 1331 3968 ipsius

347 4005 531 4071 Plutarchi:
561 3993 620 4088 τὰς
642 3996 677 4072 di
703 3993 929 4099 μονσονργοὺς
962 3996 993 4071 ἐν
1279 4025 1332 4085 αις
1366 3979 1371 3988 ¹
