3100 4942
745 599 793 670 17

297 827 377 890 sunt
400 843 487 914 quae
508 820 644 912 ancipiti
669 820 864 912 coniectura
886 821 1064 889 rimamur:
1088 817 1146 890 sed
1169 820 1250 914 plea

297 964 402 1034 reque
438 942 612 1010 laetamur·
634 942 683 1026 ,sie
715 963 787 1010 esse
821 948 1014 1036 comparata
1048 946 1106 1029 ut,
1139 962 1249 1033 quum

295 1077 511 1154 quacumque
536 1069 641 1130 aetate
664 1057 756 1153 apud
779 1058 967 1152 quemlibet
991 1057 1161 1153 populum
1178 1074 1273 1129 ccr-'

293 1184 368 1248 tum
407 1189 547 1248 naturae
583 1177 725 1272 ductum
762 1183 796 1244 et
833 1175 1022 1270 analogiam
1063 1186 1251 1270 sequantur

296 1320 336 1367 ex
361 1297 494 1366 assidua
520 1305 670 1366 veterum
698 1293 840 1365 lectione
865 1296 1046 1365 coniuncta
1071 1319 1150 1365 cum
1171 1296 1251 1365 ‹lili-

295 1419 386 1510 genti
415 1416 606 1510 aequalium
638 1422 672 1484 et
692 1438 806 1484 rerum
831 1423 865 1484 et
888 1413 1065 1485 hominum
1092 1417 1250 1488 observa·

296 1539 386 1607 tione
437 1546 525 1608 recte
550 1537 727 1629 'cognosci
777 1537 1013 1629 aestimarique
1056 1541 1250 1609 etiamnunc

294 1657 434 1749 possint.
489 1657 662 1725 Praeterea
683 1655 814 1746 'ingens
852 1665 1007 1750 superest
1043 1661 1249 1752 antiquariae

296 1776 517 1873 supellectilis
538 1777 650 1870 eopia,
672 1776 763 1845 unde
782 1777 848 1846 rita
869 1778 1078 1872 populorum
1097 1787 1249 1849 veterum

295 1905 408 1993 potest
425 1897 516 1966 cerni
539 1895 646 1964 oculis
664 1903 698 1964 et
715 1896 871 1965 manibus
894 1899 1029 1967 tractari
1055 1896 1251 1991 habentque

295 2043 334 2088 ea
356 2017 468 2086 omnia
489 2017 651 2107 insignem
677 2015 856 2085 utilitatem
879 2042 958 2087 cum
978 2019 1172 2088 suavissima
1193 2042 1250 2089 vo·

295 2138 428 2230 luptate
443 2136 668 2204 coniunctam.
703 2133 800 2203 Iuvat
819 2138 1025 2228 meminisse,
1046 2161 1154 2231 quum
1167 2138 1250 2208 mihi

296 2258 329 2328 in
352 2253 491 2348 pristina
516 2251 660 2319 Romani
680 2251 812 2343 imperii
825 2250 903 2322 sede
923 2254 1053 2346 priscae
1065 2258 1250 2349 antiquita·

294 2377 339 2446 tis
379 2381 596 2443 monumenta
637 2372 879 2464 contemplanti
920 2382 955 2442 et
991 2378 1250 2467 praeteritorum

294 2493 507 2564 saeculorum
526 2491 643 2558 seriem
665 2491 776 2560 animo
797 2491 981 2562 revolventi
1001 2498 1249 2566 venerationem

294 2623 328 2685 et
353 2635 485 2682 sacrum
512 2608 693 2702 quemdam
725 2609 900 2680 horrorem
930 2614 1130 2685 incuterent.
1181 2616 1249 2686 Sed

295 2742 438 2806 nonest
465 2729 717 2825 philologorum
744 2730 779 2798 in
807 2731 847 2798 iis
872 2725 1141 2828 contemplandis
1165 2761 1247 2830 cog-

295 2852 539 2946 noscendisque
558 2861 647 2922 totos
671 2875 754 2922 esse.
806 2852 924 2923 Erutas
945 2879 964 2924 e
988 2865 1095 2927 terrae
1119 2860 1247 2952 gremio
1272 2856 1274 2859 ’

296 2977 504 3069 antiquitatis
530 2975 688 3065 reliquias
710 2974 903 3068 explorare,
942 2977 1117 3048 aestimare
1142 2987 1176 3050 et
1204 2979 1247 3049 ad

293 3117 506 3166 communem
541 3092 721 3162 utilitatem
759 3106 793 3162 et
825 3095 979 3163 notitiam
1008 3096 1161 3189 prolerre
1192 3123 1248 3168 ar·

293 3213 486 3304 chaeologis
510 3210 627 3280 datum
655 3219 705 3281 est
731 3221 765 3281 et
788 3214 1030 3292 numismaticis
1063 3227 1097 3287 et
1133 3218 1248 3310 peritis

296 3331 496 3421 artificibuS,
510 3351 658 3422 quorum
674 3327 849 3401 laboribus
866 3331 944 3402 laeti
958 3335 1113 3427 gratique
1124 3337 1159 3404 in
1175 3360 1248 3406 rem

294 3435 463 3540 nostram,
484 3449 531 3523 ¹id
557 3457 608 3520 est
637 3451 842 3542 scriptorum
866 3451 1141 3545 intelligentiam,
1180 3457 1247 3525 uti·

299 3599 387 3645 mur.
412 3574 495 3643 Nam
518 3579 667 3642 veterum
687 3571 788 3639 vitam
801 3570 974 3666 publicam
997 3575 1246 3669 privatamque,

300 3719 372 3766 rem
405 3693 534 3763 civilem
562 3701 595 3762 et
620 3691 816 3781 militarem,
854 3691 1047 3785 religiones,
1069 3719 1179 3766 mores
1206 3722 1247 3768 ex

297 3817 448 3907 ipsorum
471 3814 602 3907 scriptis
615 3835 819 3906 cognoscere
837 3815 1078 3886 iucundissima
1096 3840 1175 3910 pars
1197 3827 1248 3888 est

300 3933 399 4004 studii
441 3932 653 4025 philologici:
685 3936 721 4003 in
753 3959 823 4028 quo
860 3937 1014 4006 nonnihil
1047 3937 1247 4008 adiuvamur

299 4053 343 4122 ab
362 4052 443 4146 ipsis
465 4050 651 4142 veteribus,
678 4056 736 4146 qui
756 4078 835 4124 suos
856 4053 920 4125 sibi
940 4055 1136 4127 habuerunt
1155 4059 1247 4127 anti-

1056 4173 1081 4246 2
