3100 4942
224 819 384 884 sententia
406 826 555 884 constare
577 837 644 881 non
666 816 786 904 possit,
809 835 879 901 quo
906 817 995 881 sacto
1020 798 1121 882 aliena
1144 819 1202 884 ab·

224 929 322 992 surde
346 927 555 1002 coaluerunt,
581 935 637 990 aut
658 947 719 1012 pro
737 926 792 1002 iis,
818 945 904 1011 quae
922 926 1118 1012 scripserunt
1141 931 1202 1015 ipsi

226 1049 366 1115 veteres,
390 1037 600 1124 nuncinepta
620 1036 836 1098 recentiorum
847 1036 1074 1120 supplementa
1091 1037 1203 1124 legan-

225 1160 289 1212 tur.
313 1149 426 1233 Neque
448 1144 483 1207 hi
501 1145 564 1207 loci
583 1163 691 1228 neque
713 1144 758 1205 illi
779 1163 869 1206 nunc
887 1165 906 1205 a
925 1163 1096 1229 quoquam
1112 1157 1202 1211 recte

225 1256 358 1342 intelligi
376 1262 520 1341 possunt.
550 1251 677 1316 IudIcio
695 1261 727 1314 ct
743 1273 840 1316 sanae
855 1253 954 1316 menti
970 1253 1016 1316 vis
1032 1253 1201 1318 inserenda

226 1374 328 1428 estut
351 1363 493 1449 aliquem
510 1383 636 1426 sensum
658 1362 816 1425 extundas
841 1363 939 1425 exiis
968 1362 1089 1439 verbis,
1115 1385 1202 1448 quae

228 1474 354 1536 nullum
374 1473 550 1536 continent.
578 1471 662 1533 llinc
677 1470 770 1533 multi
789 1471 967 1534 istiusmodi
982 1472 1062 1536 locis
1080 1484 1204 1538 utcum-

228 1603 293 1668 que
315 1581 515 1667 explicandis
543 1579 712 1641 assuefacti
735 1579 893 1663 paulatim
916 1580 1046 1644 discunt
1075 1592 1203 1646 senten·

227 1691 304 1753 tiam
314 1690 355 1752 de
373 1711 434 1752 suo
454 1686 665 1771 scriptoribus
687 1686 815 1772 largirI‚
839 1707 906 1750 noo
924 1709 962 1751 ex
975 1709 1087 1752 corum
1103 1691 1207 1754 verbis

225 1808 312 1862 recte
334 1796 503 1861 intellectis
526 1792 701 1859 conficere.
736 1792 792 1856 Isti
813 1793 919 1858 hiatus
939 1806 971 1860 et
989 1799 1128 1860 lacunae
1146 1799 1206 1862 du·

228 1907 310 1993 plici
335 1907 402 1968 fere
428 1902 527 1966 modo
555 1902 633 1966 oriri
665 1901 779 1964 solent.
824 1899 890 1965 hut
917 1902 953 1966 in
981 1908 1208 1994 antiquissimis

229 2015 319 2078 libris
346 2014 566 2079 membranam
596 2016 704 2078 tincae
730 2023 953 2098 perroserant,
990 2027 1047 2081 aut
1077 2021 1209 2083 macula

229 2124 280 2187 vel
308 2124 423 2186 mador
452 2125 578 2209 aliquot
609 2122 770 2187 vocabula
799 2124 850 2186 vel
878 2145 987 2188 versus
1015 2126 1208 2205 hauserant,

229 2242 285 2294 aut
296 2231 376 2294 alius
388 2253 481 2295 casus
499 2233 642 2316 aliquam
657 2232 832 2296 sententiae
848 2243 975 2316 partem
992 2232 1205 2299 absumserat:

229 2343 286 2426 qui
308 2341 390 2406 haec
412 2343 529 2408 deinde
551 2340 780 2406 describebant
806 2340 928 2404 librarii
949 2341 1091 2428 primum
1112 2345 1210 2408 relin-

229 2450 374 2535 quebant
406 2453 531 2538 aliquid
564 2451 679 2538 spatii,
712 2451 737 2514 si
770 2451 854 2513 forte
884 2452 1036 2515 alicunde
1065 2455 1210 2540 suppleri

229 2571 358 2646 possent
386 2581 471 2649 quae
494 2559 701 2623 exciderant:
726 2558 859 2622 tandem
884 2559 958 2635 alii,
982 2559 1045 2624 hac
1068 2581 1126 2646 spe
1149 2561 1209 2624 ab·

226 2667 329 2745 lecta,
355 2692 441 2757 quae
456 2679 646 2756 supererant
660 2669 774 2733 eodem
788 2680 898 2732 tenore
916 2670 1011 2753 quasi
1027 2669 1108 2732 nihil
1123 2671 1210 2734 dees·

230 2786 276 2839 set
297 2779 549 2864 perscribebant.
582 2775 669 2840 hodi
687 2785 826 2840 veterem
845 2775 1013 2839 librarium
1033 2777 1115 2840 haec
1133 2799 1210 2842 can-

232 2884 307 2950 dide
329 2889 539 2952 confitentem
567 2887 602 2950 in
627 2885 795 2949 Plutarchi
825 2884 941 2948 codice
973 2886 1078 2973 Regio
1109 2889 1208 2951 Paris.

232 2991 313 3058 1671
346 2995 464 3058 saeculi
502 2993 601 3068 XIII,
636 2993 729 3056 cuius
766 2991 866 3054 verba
899 2994 1006 3055 attulit
1040 2994 1210 3058 lh’ibnerns

230 3103 387 3185 nuper'in
409 3103 612 3188 praefatione
632 3101 672 3163 ad
690 3098 857 3163 Plutarchi
877 3099 1027 3165 Moralia:
1053 3101 1085 3165 τὸ
1101 3105 1210 3196 χωρίον

232 3216 316 3276 τοῦτο
344 3213 534 3303 ἀσαφέςατόν
560 3209 606 3285 ἐςι
631 3207 683 3274 διὰ
710 3207 742 3274 τὸ
764 3208 917 3296 πολλαχοῦ
942 3207 1143 3303 διαφθαρέντα
1171 3218 1210 3282 τοί

231 3329 289 3386 τῶν
314 3323 447 3388 παλαιῶν
469 3323 654 3412 ἀντιγράφων
678 3319 720 3402 μίν
750 3313 892 3382 δύνασθαι
917 3319 1019 3394 σώζειν
1047 3323 1100 3390 τὴν
1124 3326 1207 3388 σννέ-

232 3456 315 3519 χειαν
339 3438 390 3497 τοῦ
415 3433 514 3520 λίτρον.
547 3427 596 3492 καί
628 3427 703 3493 εἶδον
733 3425 792 3514 ἐγὼ
824 3426 954 3491 παλαιὰν
985 3427 1086 3514 βίβλον
1093 3484 1106 3516 ,
1136 3430 1208 3521 ἕνῇ

230 3541 383 3629 πολλαχοῦ
408 3541 609 3628 διαλείμματα
632 3536 664 3610 ἦν
683 3539 722 3613 ὡς
745 3541 787 3624 μὴ
809 3537 985 3614 δυνηθέντος
1007 3547 1057 3606 τοῦ
1076 3549 1204 3634 γράφον.

229 3677 276 3728 τος
302 3651 391 3743 εὑρεῖν
421 3653 461 3716 τὰ
483 3651 617 3718 λείποντα
644 3649 815 3725 ἐλπίσαντος
840 3649 871 3714 δ’
899 3650 966 3725 ἴσως
997 3650 1123 3744 εὑρήσειν
1147 3655 1204 3720 ἀλ-

229 3762 337 3851 λαχοῦ.
361 3761 491 3830 ἐνταῦθα
510 3758 604 3851 μέντοι
627 3763 707 3826 κατὰ
726 3763 875 3846 συνέχειαν
893 3759 1009 3853 ἐγροίφη
1032 3766 1072 3828 τοί
1093 3763 1204 3832 διαλεί·

231 3895 325 3938 ποντα
342 3879 385 3960 τῷ
409 3874 510 3960 μηκέτι
530 3868 651 3945 ἐλπίδας
668 3872 737 3936 εἶναι
757 3871 797 3934 τὰ
816 3869 950 3935 λείποντα
970 3872 1201 3964 εὑρεθήσεσθαι.

231 3982 309 4048 τοῦτ’
334 3982 407 4048 αὐτὸ
439 3989 528 4048 τοίνυν
555 3983 616 4073 χρὴ
646 3982 716 4045 νοεῖν
747 3978 797 4044 καί
825 3987 981 4067 πανταχοῦ
1009 3990 1061 4048 τοῦ
1089 3984 1202 4070 βιβλίον

231 4093 305 4160 ἔνθα
330 4114 372 4169 τις
398 4093 516 4164 τοιαύτη
535 4093 666 4183 ἀσάφεια
691 4089 865 4184 εὑρίσκεται.
890 4089 982 4155 baud
1002 4093 1068 4159 vidi
1093 4095 1203 4180 magis.
