<?xml version="1.0" encoding="UTF-8"?>
<!DOCTYPE html PUBLIC "-//W3C//DTD XHTML 1.0 Transitional//EN"
    "http://www.w3.org/TR/xhtml1/DTD/xhtml1-transitional.dtd">
<html xmlns="http://www.w3.org/1999/xhtml" xml:lang="en" lang="en">
 <head>
  <title>
</title>
<meta http-equiv="Content-Type" content="text/html;charset=utf-8" />
  <meta name='ocr-system' content='tesseract 3.04.00' />
  <meta name='ocr-capabilities' content='ocr_page ocr_carea ocr_par ocr_line ocrx_word'/>
</head>
<body>
  <div class='ocr_page' id='page_1' title='image "./oratiodearteint00cobegoog/oratiodearteint00cobegoog_0114.png"; bbox 0 0 3100 4942; ppageno 0'>
   <div class='ocr_carea' id='block_1_1' title="bbox 757 521 829 594">
    <p class='ocr_par' dir='ltr' id='par_1_1' title="bbox 757 521 829 594">
     <span class='ocr_line' id='line_1_1' title="bbox 757 521 829 594; baseline 0.042 -3"><span class='ocrx_word' id='word_1_1' title='bbox 757 521 829 594; x_wconf 78' lang='lat'><strong>108</strong></span> 
     </span>
    </p>
   </div>
   <div class='ocr_carea' id='block_1_2' title="bbox 316 743 1292 1592">
    <p class='ocr_par' dir='ltr' id='par_1_2' title="bbox 317 743 1288 936">
     <span class='ocr_line' id='line_1_2' title="bbox 319 743 1288 855; baseline 0.001 -25"><span class='ocrx_word' id='word_1_2' title='bbox 319 744 873 831; x_wconf 81' lang='grc' dir='ltr'>ΧΑΛΑΙΤΟΝΟΦΙΝΛΑΒΩΝι</span> <span class='ocrx_word' id='word_1_3' title='bbox 897 752 1060 849; x_wconf 85' lang='grc' dir='ltr'><strong>χαλλιτον</strong></span> <span class='ocrx_word' id='word_1_4' title='bbox 1073 743 1144 850; x_wconf 78' lang='grc' dir='ltr'><strong>’δριν</strong></span> <span class='ocrx_word' id='word_1_5' title='bbox 1159 752 1288 855; x_wconf 62' lang='lat' dir='ltr'><strong>infida!</strong></span> 
     </span>
     <span class='ocr_line' id='line_1_3' title="bbox 317 870 898 936; baseline -0.007 0"><span class='ocrx_word' id='word_1_6' title='bbox 317 874 434 936; x_wconf 88' lang='lat' dir='ltr'><strong>Totum</strong></span> <span class='ocrx_word' id='word_1_7' title='bbox 452 870 574 932; x_wconf 85' lang='lat' dir='ltr'><strong>scoiion</strong></span> <span class='ocrx_word' id='word_1_8' title='bbox 596 870 641 931; x_wconf 86' lang='lat' dir='ltr'><strong>sio</strong></span> <span class='ocrx_word' id='word_1_9' title='bbox 660 872 898 933; x_wconf 86' lang='lat' dir='ltr'><strong>constituerim:</strong></span> 
     </span>
    </p>

    <p class='ocr_par' dir='ltr' id='par_1_3' title="bbox 316 972 1292 1503">
     <span class='ocr_line' id='line_1_4' title="bbox 358 972 1230 1070; baseline -0.002 -26"><span class='ocrx_word' id='word_1_10' title='bbox 358 980 374 1044; x_wconf 86' lang='grc' dir='ltr'><strong><em>ὁ</em></strong></span> <span class='ocrx_word' id='word_1_11' title='bbox 394 976 431 1043; x_wconf 85' lang='grc' dir='ltr'><strong>δὲ</strong></span> <span class='ocrx_word' id='word_1_12' title='bbox 453 975 584 1067; x_wconf 79' lang='grc' dir='ltr'>καρκίνος</span> <span class='ocrx_word' id='word_1_13' title='bbox 606 972 660 1041; x_wconf 83' lang='grc' dir='ltr'><strong>ὧδ’</strong></span> <span class='ocrx_word' id='word_1_14' title='bbox 682 980 738 1067; x_wconf 82' lang='grc' dir='ltr'><strong>ἔρα</strong></span> <span class='ocrx_word' id='word_1_15' title='bbox 761 977 832 1063; x_wconf 76' lang='grc' dir='ltr'>(τᾷ)</span> <span class='ocrx_word' id='word_1_16' title='bbox 854 975 940 1065; x_wconf 79' lang='grc' dir='ltr'>χαλᾷ</span> <span class='ocrx_word' id='word_1_17' title='bbox 962 973 1010 1041; x_wconf 83' lang='grc' dir='ltr'><strong>τδν</strong></span> <span class='ocrx_word' id='word_1_18' title='bbox 1030 981 1092 1070; x_wconf 78' lang='grc' dir='ltr'><strong>ὄψιν</strong></span> <span class='ocrx_word' id='word_1_19' title='bbox 1112 977 1230 1066; x_wconf 79' lang='grc' dir='ltr'><em>λαβών·</em></span> 
     </span>
     <span class='ocr_line' id='line_1_5' title="bbox 359 1085 1259 1188; baseline 0 -33"><span class='ocrx_word' id='word_1_20' title='bbox 359 1087 448 1155; x_wconf 69' lang='grc' dir='ltr'><em>εὐθὺν</em></span> <span class='ocrx_word' id='word_1_21' title='bbox 469 1090 531 1178; x_wconf 83' lang='grc' dir='ltr'><strong>χρὴ</strong></span> <span class='ocrx_word' id='word_1_22' title='bbox 554 1086 602 1153; x_wconf 81' lang='grc' dir='ltr'><strong>τὸν</strong></span> <span class='ocrx_word' id='word_1_23' title='bbox 624 1086 739 1179; x_wconf 76' lang='grc' dir='ltr'><em>ἑταῖρον</em></span> <span class='ocrx_word' id='word_1_24' title='bbox 760 1092 850 1175; x_wconf 81' lang='grc' dir='ltr'><strong><em>ἔμμεν</em></strong></span> <span class='ocrx_word' id='word_1_25' title='bbox 872 1085 922 1152; x_wconf 74' lang='grc' dir='ltr'><strong>καὶ</strong></span> <span class='ocrx_word' id='word_1_26' title='bbox 943 1090 985 1177; x_wconf 80' lang='grc' dir='ltr'><strong>μὴ</strong></span> <span class='ocrx_word' id='word_1_27' title='bbox 1008 1089 1114 1188; x_wconf 65' lang='lat' dir='ltr'><strong>enniani</strong></span> <span class='ocrx_word' id='word_1_28' title='bbox 1135 1094 1259 1182; x_wconf 77' lang='grc' dir='ltr'><em>φρονεῖν.</em></span> 
     </span>
     <span class='ocr_line' id='line_1_6' title="bbox 318 1195 1291 1284; baseline 0 -21"><span class='ocrx_word' id='word_1_29' title='bbox 318 1198 376 1263; x_wconf 90' lang='lat' dir='ltr'><strong>nisi</strong></span> <span class='ocrx_word' id='word_1_30' title='bbox 400 1205 559 1284; x_wconf 75' lang='lat' dir='ltr'><strong>praestat:</strong></span> <span class='ocrx_word' id='word_1_31' title='bbox 590 1197 678 1283; x_wconf 76' lang='grc' dir='ltr'><em>εἶμεν.</em></span> <span class='ocrx_word' id='word_1_32' title='bbox 720 1195 915 1260; x_wconf 80' lang='lat' dir='ltr'><strong>Incredibile</strong></span> <span class='ocrx_word' id='word_1_33' title='bbox 937 1196 1031 1260; x_wconf 86' lang='lat' dir='ltr'><strong>dictu</strong></span> <span class='ocrx_word' id='word_1_34' title='bbox 1054 1207 1100 1261; x_wconf 89' lang='lat' dir='ltr'><strong>est</strong></span> <span class='ocrx_word' id='word_1_35' title='bbox 1120 1220 1221 1284; x_wconf 86' lang='lat' dir='ltr'><strong>quam</strong></span> <span class='ocrx_word' id='word_1_36' title='bbox 1250 1199 1291 1263; x_wconf 92' lang='lat' dir='ltr'><strong>li-</strong></span> 
     </span>
     <span class='ocr_line' id='line_1_7' title="bbox 316 1306 1290 1374; baseline -0.004 0"><span class='ocrx_word' id='word_1_37' title='bbox 316 1320 427 1374; x_wconf 86' lang='lat' dir='ltr'><strong>center</strong></span> <span class='ocrx_word' id='word_1_38' title='bbox 445 1330 504 1373; x_wconf 90' lang='lat' dir='ltr'><strong>nos</strong></span> <span class='ocrx_word' id='word_1_39' title='bbox 524 1311 718 1373; x_wconf 77' lang='lat' dir='ltr'><strong>recentiores</strong></span> <span class='ocrx_word' id='word_1_40' title='bbox 743 1307 864 1371; x_wconf 84' lang='lat' dir='ltr'><strong>librarii</strong></span> <span class='ocrx_word' id='word_1_41' title='bbox 885 1309 920 1370; x_wconf 89' lang='lat' dir='ltr'><strong>in</strong></span> <span class='ocrx_word' id='word_1_42' title='bbox 938 1308 1046 1370; x_wconf 85' lang='lat' dir='ltr'><strong>moitis</strong></span> <span class='ocrx_word' id='word_1_43' title='bbox 1071 1306 1290 1371; x_wconf 85' lang='lat' dir='ltr'><strong>ludificentur.</strong></span> 
     </span>
     <span class='ocr_line' id='line_1_8' title="bbox 320 1412 1292 1503; baseline 0.002 -24"><span class='ocrx_word' id='word_1_44' title='bbox 320 1417 359 1479; x_wconf 86' lang='lat' dir='ltr'><strong>ln</strong></span> <span class='ocrx_word' id='word_1_45' title='bbox 378 1418 557 1503; x_wconf 82' lang='lat' dir='ltr'><strong>fragmento</strong></span> <span class='ocrx_word' id='word_1_46' title='bbox 572 1416 787 1503; x_wconf 80' lang='lat' dir='ltr'><strong>Hipponactis</strong></span> <span class='ocrx_word' id='word_1_47' title='bbox 805 1438 841 1503; x_wconf 85' lang='lat' dir='ltr'><strong>p.</strong></span> <span class='ocrx_word' id='word_1_48' title='bbox 859 1412 927 1479; x_wconf 84' lang='grc'><strong>698</strong></span> <span class='ocrx_word' id='word_1_49' title='bbox 941 1436 973 1479; x_wconf 85' lang='grc' dir='ltr'><strong>ο.</strong></span> <span class='ocrx_word' id='word_1_50' title='bbox 995 1423 1043 1481; x_wconf 87' lang='lat' dir='ltr'><strong>est</strong></span> <span class='ocrx_word' id='word_1_51' title='bbox 1061 1416 1095 1479; x_wconf 89' lang='lat' dir='ltr'><strong>in</strong></span> <span class='ocrx_word' id='word_1_52' title='bbox 1113 1414 1292 1503; x_wconf 79' lang='lat' dir='ltr'><strong>archetypo</strong></span> 
     </span>
    </p>

    <p class='ocr_par' dir='ltr' id='par_1_4' title="bbox 319 1525 453 1592">
     <span class='ocr_line' id='line_1_9' title="bbox 319 1525 453 1592; baseline -0.007 -2"><span class='ocrx_word' id='word_1_53' title='bbox 319 1525 453 1592; x_wconf 85' lang='lat' dir='ltr'><strong>codice:</strong></span> 
     </span>
    </p>
   </div>
   <div class='ocr_carea' id='block_1_3' title="bbox 571 1613 1001 1719">
    <p class='ocr_par' dir='ltr' id='par_1_5' title="bbox 571 1613 1001 1719">
     <span class='ocr_line' id='line_1_10' title="bbox 571 1613 1001 1719; baseline -0.005 -27"><span class='ocrx_word' id='word_1_54' title='bbox 571 1613 682 1719; x_wconf 72' lang='grc' dir='ltr'><em>μοῦνοί</em></span> <span class='ocrx_word' id='word_1_55' title='bbox 712 1647 768 1719; x_wconf 83' lang='grc' dir='ltr'><strong>μοι</strong></span> <span class='ocrx_word' id='word_1_56' title='bbox 796 1618 1001 1719; x_wconf 65' lang='grc' dir='ltr'><strong>ενρνριδοντι</strong></span> 
     </span>
    </p>
   </div>
   <div class='ocr_carea' id='block_1_4' title="bbox 571 1740 1002 1845">
    <p class='ocr_par' dir='ltr' id='par_1_6' title="bbox 571 1740 1002 1845">
     <span class='ocr_line' id='line_1_11' title="bbox 571 1740 1002 1845; baseline -0.002 -26"><span class='ocrx_word' id='word_1_57' title='bbox 571 1746 675 1819; x_wconf 85' lang='grc' dir='ltr'>αδεα</span> <span class='ocrx_word' id='word_1_58' title='bbox 700 1740 775 1828; x_wconf 74' lang='grc' dir='ltr'><strong>τὴν</strong></span> <span class='ocrx_word' id='word_1_59' title='bbox 802 1771 1002 1845; x_wconf 87' lang='grc' dir='ltr'><em>ποντοχοιρν</em></span> 
     </span>
    </p>
   </div>
   <div class='ocr_carea' id='block_1_5' title="bbox 324 1872 1302 4108">
    <p class='ocr_par' dir='ltr' id='par_1_7' title="bbox 574 1872 1006 1972">
     <span class='ocr_line' id='line_1_12' title="bbox 574 1872 1006 1972; baseline -0.007 -27"><span class='ocrx_word' id='word_1_60' title='bbox 574 1872 670 1972; x_wconf 85' lang='grc' dir='ltr'><strong>βδιν</strong></span> <span class='ocrx_word' id='word_1_61' title='bbox 697 1898 770 1957; x_wconf 86' lang='grc' dir='ltr'><strong>την</strong></span> <span class='ocrx_word' id='word_1_62' title='bbox 799 1897 1006 1969; x_wconf 76' lang='grc' dir='ltr'><em>ενγαςριμα</em></span> 
     </span>
    </p>

    <p class='ocr_par' dir='ltr' id='par_1_8' title="bbox 571 1989 1005 2101">
     <span class='ocr_line' id='line_1_13' title="bbox 571 1989 1005 2101; baseline -0.014 -28"><span class='ocrx_word' id='word_1_63' title='bbox 571 2026 735 2101; x_wconf 85' lang='grc' dir='ltr'><strong>χαιρανοσ</strong></span> <span class='ocrx_word' id='word_1_64' title='bbox 748 1999 840 2073; x_wconf 84' lang='grc' dir='ltr'>εσθιει</span> <span class='ocrx_word' id='word_1_65' title='bbox 861 1989 897 2070; x_wconf 81' lang='grc' dir='ltr'><strong>οὐ</strong></span> <span class='ocrx_word' id='word_1_66' title='bbox 917 2022 1005 2069; x_wconf 88' lang='grc' dir='ltr'><strong><em>κατα</em></strong></span> 
     </span>
    </p>

    <p class='ocr_par' dir='ltr' id='par_1_9' title="bbox 571 2116 1004 2225">
     <span class='ocr_line' id='line_1_14' title="bbox 571 2116 1004 2225; baseline -0.007 -28"><span class='ocrx_word' id='word_1_67' title='bbox 571 2152 694 2225; x_wconf 83' lang='grc' dir='ltr'><em>κοσμον</em></span> <span class='ocrx_word' id='word_1_68' title='bbox 722 2116 820 2223; x_wconf 74' lang='grc' dir='ltr'><em>ἔννεφ’</em></span> <span class='ocrx_word' id='word_1_69' title='bbox 848 2118 936 2196; x_wconf 73' lang='grc' dir='ltr'><em>ἕποιο</em></span> <span class='ocrx_word' id='word_1_70' title='bbox 959 2130 1004 2221; x_wconf 81' lang='grc' dir='ltr'><strong>ψη</strong></span> 
     </span>
    </p>

    <p class='ocr_par' dir='ltr' id='par_1_10' title="bbox 324 2247 1302 3115">
     <span class='ocr_line' id='line_1_15' title="bbox 574 2247 1010 2348; baseline -0.009 -24"><span class='ocrx_word' id='word_1_71' title='bbox 574 2252 641 2348; x_wconf 83' lang='grc' dir='ltr'>φῖδι</span> <span class='ocrx_word' id='word_1_72' title='bbox 656 2250 760 2326; x_wconf 83' lang='grc' dir='ltr'><em>κακὸν</em></span> <span class='ocrx_word' id='word_1_73' title='bbox 776 2256 860 2323; x_wconf 83' lang='grc' dir='ltr'><em>οἶτον</em></span> <span class='ocrx_word' id='word_1_74' title='bbox 881 2247 1010 2333; x_wconf 72' lang='grc' dir='ltr'>ὄληται.</span> 
     </span>
     <span class='ocr_line' id='line_1_16' title="bbox 324 2367 1298 2461; baseline -0.001 -26"><span class='ocrx_word' id='word_1_75' title='bbox 324 2392 364 2435; x_wconf 84' lang='lat' dir='ltr'><strong>ex</strong></span> <span class='ocrx_word' id='word_1_76' title='bbox 384 2369 580 2455; x_wconf 78' lang='lat' dir='ltr'><strong>apographis</strong></span> <span class='ocrx_word' id='word_1_77' title='bbox 601 2371 737 2456; x_wconf 86' lang='lat' dir='ltr'><strong>prodiit:</strong></span> <span class='ocrx_word' id='word_1_78' title='bbox 761 2369 945 2461; x_wconf 78' lang='grc' dir='ltr'><strong>εὐρυρέδοντι</strong></span> <span class='ocrx_word' id='word_1_79' title='bbox 966 2368 1069 2453; x_wconf 60' lang='lat' dir='ltr'><strong>aare,</strong></span> <span class='ocrx_word' id='word_1_80' title='bbox 1092 2367 1298 2461; x_wconf 72' lang='lat' dir='ltr'><strong>eipnpadonn&#39;a</strong></span> 
     </span>
     <span class='ocr_line' id='line_1_17' title="bbox 327 2476 1298 2566; baseline -0.002 -22"><span class='ocrx_word' id='word_1_81' title='bbox 327 2476 393 2544; x_wconf 84' lang='grc' dir='ltr'>δῖα.</span> <span class='ocrx_word' id='word_1_82' title='bbox 427 2478 575 2541; x_wconf 83' lang='lat' dir='ltr'><strong>Musurus</strong></span> <span class='ocrx_word' id='word_1_83' title='bbox 594 2490 713 2544; x_wconf 86' lang='lat' dir='ltr'><strong>temere</strong></span> <span class='ocrx_word' id='word_1_84' title='bbox 729 2483 865 2545; x_wconf 85' lang='lat' dir='ltr'><strong>mutavit</strong></span> <span class='ocrx_word' id='word_1_85' title='bbox 880 2482 916 2544; x_wconf 91' lang='lat' dir='ltr'><strong>in</strong></span> <span class='ocrx_word' id='word_1_86' title='bbox 928 2480 1078 2566; x_wconf 85' lang='lat' dir='ltr'><strong>principe</strong></span> <span class='ocrx_word' id='word_1_87' title='bbox 1094 2479 1235 2543; x_wconf 88' lang='lat' dir='ltr'><strong>editione</strong></span> <span class='ocrx_word' id='word_1_88' title='bbox 1250 2481 1298 2543; x_wconf 77' lang='lat' dir='ltr'><strong>in:</strong></span> 
     </span>
     <span class='ocr_line' id='line_1_18' title="bbox 326 2583 1299 2679; baseline 0.001 -29"><span class='ocrx_word' id='word_1_89' title='bbox 326 2583 524 2679; x_wconf 82' lang='grc' dir='ltr'><em>Εὐρυμέδοντ’</em></span> <span class='ocrx_word' id='word_1_90' title='bbox 545 2586 640 2671; x_wconf 84' lang='grc' dir='ltr'>ᾅδιις.</span> <span class='ocrx_word' id='word_1_91' title='bbox 672 2590 816 2653; x_wconf 81' lang='lat' dir='ltr'><strong>Tandem</strong></span> <span class='ocrx_word' id='word_1_92' title='bbox 834 2609 852 2653; x_wconf 92' lang='lat' dir='ltr'><strong>e</strong></span> <span class='ocrx_word' id='word_1_93' title='bbox 868 2589 999 2656; x_wconf 86' lang='lat' dir='ltr'><strong>Venetis</strong></span> <span class='ocrx_word' id='word_1_94' title='bbox 1016 2587 1209 2653; x_wconf 80' lang='lat' dir='ltr'><strong>membranis</strong></span> <span class='ocrx_word' id='word_1_95' title='bbox 1225 2609 1299 2675; x_wconf 90' lang='lat' dir='ltr'><strong>pro·</strong></span> 
     </span>
     <span class='ocr_line' id='line_1_19' title="bbox 327 2695 1300 2790; baseline 0 -32"><span class='ocrx_word' id='word_1_96' title='bbox 327 2696 399 2758; x_wconf 86' lang='lat' dir='ltr'><strong>tulit</strong></span> <span class='ocrx_word' id='word_1_97' title='bbox 427 2695 752 2785; x_wconf 81' lang='lat' dir='ltr'><strong>schweighauserus:</strong></span> <span class='ocrx_word' id='word_1_98' title='bbox 784 2696 970 2790; x_wconf 80' lang='grc' dir='ltr'><strong>εὐρυμεδοντι</strong></span> <span class='ocrx_word' id='word_1_99' title='bbox 992 2696 1090 2785; x_wconf 73' lang='lat' dir='ltr'><strong>aden,</strong></span> <span class='ocrx_word' id='word_1_100' title='bbox 1121 2696 1208 2759; x_wconf 90' lang='lat' dir='ltr'><strong>unde</strong></span> <span class='ocrx_word' id='word_1_101' title='bbox 1236 2696 1300 2759; x_wconf 88' lang='lat' dir='ltr'><strong>Do-</strong></span> 
     </span>
     <span class='ocr_line' id='line_1_20' title="bbox 325 2802 1301 2896; baseline -0.004 -28"><span class='ocrx_word' id='word_1_102' title='bbox 325 2803 442 2868; x_wconf 86' lang='lat' dir='ltr'><strong>braeus</strong></span> <span class='ocrx_word' id='word_1_103' title='bbox 476 2826 587 2869; x_wconf 86' lang='lat' dir='ltr'><strong>verum</strong></span> <span class='ocrx_word' id='word_1_104' title='bbox 620 2804 755 2889; x_wconf 81' lang='lat' dir='ltr'><strong>reperit:</strong></span> <span class='ocrx_word' id='word_1_105' title='bbox 796 2802 1084 2896; x_wconf 75' lang='grc' dir='ltr'><strong>Εὐρυμεδοντιᾰδια.</strong></span> <span class='ocrx_word' id='word_1_106' title='bbox 1135 2802 1174 2867; x_wconf 92' lang='lat' dir='ltr'><strong>In</strong></span> <span class='ocrx_word' id='word_1_107' title='bbox 1207 2802 1301 2865; x_wconf 82' lang='lat' dir='ltr'><strong>tertio</strong></span> 
     </span>
     <span class='ocr_line' id='line_1_21' title="bbox 327 2911 1302 2999; baseline -0.002 -23"><span class='ocrx_word' id='word_1_108' title='bbox 327 2933 418 2976; x_wconf 83' lang='lat' dir='ltr'><strong>versn</strong></span> <span class='ocrx_word' id='word_1_109' title='bbox 435 2912 477 2976; x_wconf 82' lang='lat' dir='ltr'><strong>nd</strong></span> <span class='ocrx_word' id='word_1_110' title='bbox 496 2912 584 2974; x_wconf 89' lang='lat' dir='ltr'><strong>bunc</strong></span> <span class='ocrx_word' id='word_1_111' title='bbox 607 2911 692 2973; x_wconf 89' lang='lat' dir='ltr'><strong>diem</strong></span> <span class='ocrx_word' id='word_1_112' title='bbox 711 2913 847 2997; x_wconf 87' lang='lat' dir='ltr'><strong>pessime</strong></span> <span class='ocrx_word' id='word_1_113' title='bbox 865 2914 982 2999; x_wconf 81' lang='lat' dir='ltr'><strong>tegitur</strong></span> <span class='ocrx_word' id='word_1_114' title='bbox 998 2933 1038 2977; x_wconf 84' lang='lat' dir='ltr'><strong>ex</strong></span> <span class='ocrx_word' id='word_1_115' title='bbox 1053 2912 1302 2997; x_wconf 81' lang='lat' dir='ltr'><strong>interpolatione</strong></span> 
     </span>
     <span class='ocr_line' id='line_1_22' title="bbox 328 3020 978 3115; baseline 0.005 -31"><span class='ocrx_word' id='word_1_116' title='bbox 328 3022 464 3085; x_wconf 80' lang='lat' dir='ltr'><strong>Musuri:</strong></span> <span class='ocrx_word' id='word_1_117' title='bbox 488 3020 593 3115; x_wconf 77' lang='grc' dir='ltr'>ψηφῖδι</span> <span class='ocrx_word' id='word_1_118' title='bbox 614 3032 690 3110; x_wconf 80' lang='grc' dir='ltr'><strong>κακῇ</strong></span> <span class='ocrx_word' id='word_1_119' title='bbox 714 3026 814 3089; x_wconf 81' lang='grc' dir='ltr'><em>κακόν.</em></span> <span class='ocrx_word' id='word_1_120' title='bbox 848 3022 978 3088; x_wconf 82' lang='lat' dir='ltr'><strong>Scribe:</strong></span> 
     </span>
    </p>

    <p class='ocr_par' dir='ltr' id='par_1_11' title="bbox 327 3129 1301 4108">
     <span class='ocr_line' id='line_1_23' title="bbox 437 3129 1198 3225; baseline 0.007 -32"><span class='ocrx_word' id='word_1_121' title='bbox 437 3129 526 3222; x_wconf 83' lang='grc' dir='ltr'><em>ἔννεφ’</em></span> <span class='ocrx_word' id='word_1_122' title='bbox 548 3136 625 3205; x_wconf 79' lang='grc' dir='ltr'><strong>ὅπως</strong></span> <span class='ocrx_word' id='word_1_123' title='bbox 646 3130 750 3225; x_wconf 77' lang='grc' dir='ltr'>ψηφῖδι</span> <span class='ocrx_word' id='word_1_124' title='bbox 773 3132 862 3210; x_wconf 86' lang='grc' dir='ltr'>κοικδς</span> <span class='ocrx_word' id='word_1_125' title='bbox 883 3132 974 3198; x_wconf 81' lang='grc' dir='ltr'><em>κακὸν</em></span> <span class='ocrx_word' id='word_1_126' title='bbox 994 3134 1069 3199; x_wconf 76' lang='grc' dir='ltr'><em>οἶτον</em></span> <span class='ocrx_word' id='word_1_127' title='bbox 1090 3131 1198 3200; x_wconf 78' lang='grc' dir='ltr'>ὀλεῖται</span> 
     </span>
     <span class='ocr_line' id='line_1_24' title="bbox 438 3236 576 3331; baseline 0 -27"><span class='ocrx_word' id='word_1_128' title='bbox 438 3236 576 3331; x_wconf 74' lang='grc' dir='ltr'><strong>δημοσίῃ.</strong></span> 
     </span>
     <span class='ocr_line' id='line_1_25' title="bbox 327 3346 1296 3436; baseline -0.001 -24"><span class='ocrx_word' id='word_1_129' title='bbox 327 3349 437 3412; x_wconf 82' lang='lat' dir='ltr'><strong>Merito</strong></span> <span class='ocrx_word' id='word_1_130' title='bbox 471 3349 654 3413; x_wconf 86' lang='lat' dir='ltr'><strong>celebratur</strong></span> <span class='ocrx_word' id='word_1_131' title='bbox 686 3350 844 3436; x_wconf 84' lang='lat' dir='ltr'><strong>palmaria</strong></span> <span class='ocrx_word' id='word_1_132' title='bbox 877 3346 1061 3413; x_wconf 85' lang='lat' dir='ltr'><strong>Casauboni</strong></span> <span class='ocrx_word' id='word_1_133' title='bbox 1092 3347 1296 3425; x_wconf 80' lang='lat' dir='ltr'><strong>emendatio,</strong></span> 
     </span>
     <span class='ocr_line' id='line_1_26' title="bbox 328 3452 517 3542; baseline 0 -23"><span class='ocrx_word' id='word_1_134' title='bbox 328 3478 361 3542; x_wconf 88' lang='lat' dir='ltr'><strong>p.</strong></span> <span class='ocrx_word' id='word_1_135' title='bbox 384 3452 461 3519; x_wconf 83' lang='lat'><strong>699.</strong></span> <span class='ocrx_word' id='word_1_136' title='bbox 487 3477 517 3520; x_wconf 89' lang='lat' dir='ltr'><strong>c.</strong></span> 
     </span>
     <span class='ocr_line' id='line_1_27' title="bbox 465 3561 1170 3658; baseline 0.006 -29"><span class='ocrx_word' id='word_1_137' title='bbox 465 3561 566 3641; x_wconf 82' lang='grc' dir='ltr'><em>ξεῖνος.</em></span> <span class='ocrx_word' id='word_1_138' title='bbox 600 3565 772 3657; x_wconf 81' lang='grc' dir='ltr'><em>Μιμνέρμου</em></span> <span class='ocrx_word' id='word_1_139' title='bbox 794 3565 825 3631; x_wconf 87' lang='grc' dir='ltr'><strong>δ’</strong></span> <span class='ocrx_word' id='word_1_140' title='bbox 848 3566 887 3642; x_wconf 81' lang='grc' dir='ltr'><strong>εἰς</strong></span> <span class='ocrx_word' id='word_1_141' title='bbox 908 3570 976 3642; x_wconf 82' lang='grc' dir='ltr'><em>ἔπος</em></span> <span class='ocrx_word' id='word_1_142' title='bbox 997 3571 1088 3658; x_wconf 82' lang='grc' dir='ltr'><em>ἄκρον</em></span> <span class='ocrx_word' id='word_1_143' title='bbox 1108 3568 1170 3633; x_wconf 86' lang='grc' dir='ltr'>ι’ών.</span> 
     </span>
     <span class='ocr_line' id='line_1_28' title="bbox 328 3672 1301 3769; baseline 0.003 -32"><span class='ocrx_word' id='word_1_144' title='bbox 328 3695 431 3758; x_wconf 88' lang='lat' dir='ltr'><strong>quum</strong></span> <span class='ocrx_word' id='word_1_145' title='bbox 444 3675 541 3760; x_wconf 79' lang='lat' dir='ltr'><strong>vulgo</strong></span> <span class='ocrx_word' id='word_1_146' title='bbox 555 3673 718 3737; x_wconf 87' lang='lat' dir='ltr'><strong>ederetur:</strong></span> <span class='ocrx_word' id='word_1_147' title='bbox 743 3672 792 3741; x_wconf 84' lang='grc' dir='ltr'><strong>δεῖ</strong></span> <span class='ocrx_word' id='word_1_148' title='bbox 808 3700 841 3743; x_wconf 87' lang='grc' dir='ltr'><strong>σε</strong></span> <span class='ocrx_word' id='word_1_149' title='bbox 860 3678 939 3743; x_wconf 87' lang='grc' dir='ltr'>πόσοι</span> <span class='ocrx_word' id='word_1_150' title='bbox 956 3679 1087 3769; x_wconf 83' lang='grc' dir='ltr'><em>κρονίων.</em></span> <span class='ocrx_word' id='word_1_151' title='bbox 1111 3676 1196 3746; x_wconf 84' lang='lat' dir='ltr'><strong>Vide</strong></span> <span class='ocrx_word' id='word_1_152' title='bbox 1213 3695 1301 3741; x_wconf 88' lang='lat' dir='ltr'><strong>nunc</strong></span> 
     </span>
     <span class='ocr_line' id='line_1_29' title="bbox 330 3782 771 3849; baseline 0.009 -4"><span class='ocrx_word' id='word_1_153' title='bbox 330 3782 498 3847; x_wconf 87' lang='lat' dir='ltr'><strong>lectionem</strong></span> <span class='ocrx_word' id='word_1_154' title='bbox 522 3784 609 3847; x_wconf 88' lang='lat' dir='ltr'><strong>unici</strong></span> <span class='ocrx_word' id='word_1_155' title='bbox 631 3784 771 3849; x_wconf 87' lang='lat' dir='ltr'><strong>codicis:</strong></span> 
     </span>
     <span class='ocr_line' id='line_1_30' title="bbox 862 3880 1030 3979; baseline 0.012 -26"><span class='ocrx_word' id='word_1_156' title='bbox 862 3880 910 3953; x_wconf 84' lang='grc' dir='ltr'><strong>ὧσ</strong></span> <span class='ocrx_word' id='word_1_157' title='bbox 923 3883 1030 3979; x_wconf 76' lang='grc' dir='ltr'><em>αγαθο</em></span> 
     </span>
     <span class='ocr_line' id='line_1_31' title="bbox 588 4006 1030 4108; baseline 0.009 -33"><span class='ocrx_word' id='word_1_158' title='bbox 588 4078 590 4085; x_wconf 21' lang='lat'><strong>⁴</strong></span> <span class='ocrx_word' id='word_1_159' title='bbox 605 4006 825 4081; x_wconf 76' lang='grc' dir='ltr'><strong>κλειοσλασιαι</strong></span> <span class='ocrx_word' id='word_1_160' title='bbox 839 4031 948 4108; x_wconf 79' lang='grc' dir='ltr'><em>ρρενεσ</em></span> <span class='ocrx_word' id='word_1_161' title='bbox 960 4008 1030 4090; x_wconf 72' lang='lat' dir='ltr'><strong>nin</strong></span> 
     </span>
    </p>
   </div>
   <div class='ocr_carea' id='block_1_6' title="bbox 0 0 1564 4942">
    <p class='ocr_par' dir='ltr' id='par_1_12' title="bbox 0 0 1564 4942">
     <span class='ocr_line' id='line_1_32' title="bbox 0 0 1564 4942; baseline 0 0"><span class='ocrx_word' id='word_1_162' title='bbox 0 0 1564 4942; x_wconf 95' lang='lat' dir='ltr'><strong> </strong></span> 
     </span>
    </p>
   </div>
  </div>
 </body>
</html>
