3100 4942
758 569 806 640 tl

298 789 458 883 tandique
490 809 590 858 usum
628 788 663 856 iu
701 787 897 880 quotidiana
923 790 988 860 rita
1014 801 1049 863 et
1073 795 1250 868 bominum

293 911 487 984 celebritate
506 911 631 1004 optime
654 908 716 978 sibi
742 911 888 1003 quisque
913 923 1096 1007 comparat.
1147 916 1251 1005 Quid·

295 1033 378 1129 quid
403 1031 555 1102 homines
574 1030 766 1123 loquimur,
792 1029 855 1098 nisi
881 1029 966 1101 forte
990 1034 1066 1124 quis
1092 1035 1166 1105 ioco
1191 1047 1251 1107 aut

295 1154 375 1226 dolo
396 1152 564 1222 interdurn
584 1151 627 1221 de
644 1130 809 1219 industria
828 1151 959 1243 quaerit
977 1151 1247 1248 ambiguitatem,

258 1283 262 1294 '
294 1299 409 1346 coum
433 1272 536 1343 habet
557 1295 709 1362 sensum,
737 1280 775 1342 ut
796 1295 936 1367 prorsus
956 1272 1072 1344 eadem
1092 1278 1249 1370 cogitatio
1297 1345 1303 1356 ,

297 1395 341 1467 ab
373 1395 534 1487 loquente
564 1401 712 1462 transeat
741 1392 784 1462 ad
814 1392 1021 1487 audientem:
1053 1404 1155 1490 atque
1183 1396 1248 1467 hoc

293 1525 345 1587 est
374 1516 582 1609 intelligere
615 1523 655 1584 ut
679 1501 773 1608 quod
799 1516 956 1608 cogitarit
984 1516 1125 1608 aliquis,
1158 1515 1247 1588 idem

293 1660 356 1708 nos
379 1635 552 1706 audientes
574 1635 628 1706 vel
646 1635 794 1728 legentes
816 1638 1012 1730 cogitemus.
1050 1638 1168 1730 ltaque
1186 1662 1247 1708 ne·

293 1779 383 1828 cesse
408 1765 476 1845 est,
503 1763 542 1824 ut
567 1754 675 1825 verbis
706 1755 864 1825 omuibus
897 1767 988 1826 certa
1016 1759 1095 1828 insit
1120 1782 1159 1828 ac
1184 1757 1244 1829 de·

292 1877 386 1947 finita
420 1879 484 1964 ris,
521 1875 565 1946 de
593 1900 660 1968 qua
692 1875 738 1944 ita
764 1877 852 1945 inter
881 1900 996 1961 omnes
1020 1886 1170 1968 constet,
1205 1885 1245 1947 ut

292 1996 389 2068 nulla
411 1996 558 2066 audienti
580 1995 632 2066 vel
657 1996 749 2089 optio
771 1998 879 2091 possit
896 2020 967 2068 esse
990 1998 1043 2068 rel
1065 1998 1245 2074 dubitatio.

292 2113 383 2204 Quid
399 2122 450 2184 est
471 2112 574 2207 igitur
600 2137 662 2183 cur
683 2114 716 2182 in
733 2096 879 2206 antiquis
900 2115 1122 2208 scriptoribus
1144 2120 1246 2190 inter·

292 2234 464 2331 pretandis
495 2255 564 2303 nou
594 2231 682 2301 idem
708 2230 820 2302 valere
846 2231 1049 2303 credamus?
1087 2235 1246 2331 quidest
1349 2232 1351 2235 ’

292 2379 355 2426 cur
379 2353 609 2446 interpretatio
640 2376 749 2445 quum
774 2352 916 2447 simplex
936 2376 1007 2424 esse
1026 2353 1179 2448 deberet,
1206 2368 1246 2429 ut

294 2474 452 2547 omnibus
478 2472 521 2542 de
541 2470 655 2541 iisdem
677 2471 794 2542 eadem
815 2474 927 2541 statim
947 2475 1104 2566 cogitatio
1126 2501 1243 2549 nasce·

292 2609 405 2688 retur,
432 2606 499 2666 tarn
526 2620 609 2689 vaga
631 2595 674 2664 sit
694 2604 727 2665 et
744 2593 853 2684 doxa,
880 2604 919 2664 ut
939 2597 1017 2665 novi
1037 2620 1170 2693 semper
1190 2600 1242 2668 in·

289 2729 452 2814 terpretes
489 2712 654 2809 prodeant
685 2713 783 2782 aliter
810 2712 1015 2806 explicantes
1043 2717 1137 2809 quod
1171 2728 1244 2789 erat

291 2838 472 2911 sexcenties
500 2835 697 2930 explicitum
727 2833 770 2904 ab
796 2834 880 2903 aliis.
930 2835 986 2904 Est
1012 2860 1133 2930 operae
1158 2862 1242 2933 pre-

290 2962 377 3031 tium
397 2957 509 3026 videre
525 2979 594 3048 quo
612 2953 792 3046 supercilio
811 2954 850 3042 ii,
871 2955 932 3046 qui
954 2954 1033 3024 olim
1054 2966 1089 3025 ct
1109 2957 1243 3030 sibimet

289 3081 370 3178 ipsis
388 3086 423 3149 et
440 3074 639 3170 aequalibus
660 3073 833 3168 praeclare
852 3098 922 3144 reru
945 3076 1082 3167 gessisse
1107 3077 1167 3146 visi
1187 3100 1238 3148 es·

291 3208 374 3290 sent,
392 3202 652 3270 contemnantur
661 3193 705 3263 ab
713 3193 967 3285 recentioribus,
984 3194 1110 3288 quibus
1120 3197 1241 3268 deinde

291 3318 426 3392 subnati
459 3315 518 3384 alii
551 3314 670 3408 spretis
701 3312 875 3408 prioribus
897 3315 1055 3385 omnibus
1079 3315 1143 3385 soli
1169 3340 1240 3386 rem

291 3466 355 3513 acu
385 3436 531 3531 tetigisse
558 3432 662 3525 vulgo
698 3431 905 3501 ridebuntur
935 3432 1043 3504 donec
1076 3434 1132 3503 alii
1163 3457 1241 3505 sue·

289 3565 439 3632 crescent
451 3555 550 3624 etiam
569 3551 745 3621 acutiores,
769 3550 881 3621 Huius
899 3552 978 3624 mali
995 3554 1106 3622 variae
1121 3577 1241 3624 causae

291 3689 387 3769 sunt,
423 3698 568 3769 quarum
606 3696 697 3742 nuuc
730 3672 928 3767 praecipuas
956 3675 1239 3746 commemorabo.

292 3799 332 3871 Et
350 3781 457 3893 prima
474 3795 610 3888 quidem
627 3802 678 3863 est
694 3817 733 3863 ea
749 3794 952 3887 scriptorum
968 3795 1139 3887 conlusio,
1153 3819 1240 3888 quae

291 3919 400 4013 qualis
426 3916 468 3986 sit
485 3925 519 3988 et
536 3914 626 3985 unde
644 3925 716 3984 orta
733 3915 968 4008 explicuimus.
1006 3915 1124 3986 Solent
1139 3917 1238 3985 multi

292 4039 483 4136 promiscue
505 4059 621 4108 omnes
652 4042 712 4106 aut
736 4035 847 4143 legere
871 4045 931 4106 aut
955 4034 998 4106 ad
1018 4035 1239 4133 interpretan-
