3100 4942
679 581 724 654 51

221 827 370 876 amorem
401 826 668 898 generosumque
698 802 870 896 dignitatis
894 823 975 873 suae
1007 813 1042 874 et
1075 803 1178 874 iiber·

224 925 302 995 tatis
329 946 481 1014 sensum,
513 922 639 1016 quibus
671 920 822 991 humano
846 922 960 1012 generi
981 922 1025 992 ad
1047 923 1179 1018 perfec-

223 1055 293 1117 tam
312 1033 470 1115 virtutem
489 1051 523 1113 et
548 1043 739 1113 felicitatem
761 1040 903 1133 propius
928 1063 1060 1139 semper
1084 1069 1180 1117 acoe-

223 1168 304 1240 dere
321 1167 424 1239 aDeo
436 1165 573 1258 Optimo
598 1164 743 1234 Maximo
770 1163 889 1232 datum
916 1172 978 1233 est.
1046 1263 1052 1270 .

269 1529 424 1600 Graviter
445 1527 526 1598 mihi
546 1534 779 1598 commovetur
800 1527 953 1615 animus,
979 1549 1087 1619 quum
1110 1527 1177 1597 Vos

220 1647 397 1742 alloquor,
431 1646 651 1716 Illustrissimi
678 1645 782 1715 huius
814 1643 1009 1715 trademiae
1034 1645 1178 1716 Curato·

220 1790 289 1857 res,
315 1767 377 1835 viri
399 1773 507 1836 aetate
534 1773 567 1835 et
592 1765 718 1835 meritis
741 1745 975 1855 venerabilesJ
988 1763 1176 1834 honoribus

222 1893 256 1956 et
280 1886 480 1955 auctoritate
500 1885 713 1980 amplissimi,
739 1870 1077 1980 quorunfsuffragiis
1098 1909 1175 1980 pro·

220 2003 323 2076 batus
354 2012 388 2074 et
419 2013 563 2096 augusto
592 2004 676 2096 Regi
709 2004 964 2075 commendatus
992 2004 1080 2074 hane
1113 2003 1176 2073 do-

221 2123 319 2193 oendi
348 2123 556 2218 provinciam
583 2121 726 2217 adeptus
751 2147 844 2213 sum,
882 2148 950 2216 qua
985 2123 1070 2194 nihil
1093 2126 1175 2196 mihi

218 2244 272 2314 vel
303 2241 580 2314 honorificentius
612 2242 665 2312 vel
703 2226 894 2338 exoptatius
925 2253 1060 2339 poterat
1090 2269 1173 2316 oon·

217 2365 357 2458 tingere.

266 2485 359 2573 Quas
376 2508 540 2578 umquam
558 2484 660 2554 Vobis
675 2485 792 2579 dignas
810 2509 906 2578 agam
924 2488 1062 2579 gratias,
1078 2485 1171 2579 quod

216 2628 255 2675 ea
280 2604 322 2674 de
348 2629 403 2675 me
422 2603 611 2696 studiisque
633 2604 714 2674 meis
737 2627 872 2697 sperare
896 2589 1101 2675 inanimum
1123 2606 1171 2675 in·

216 2725 375 2816 duxistis,
401 2735 440 2795 ut
464 2725 527 2794 hos
551 2725 687 2793 iuvenes
716 2724 917 2796 adomnem
942 2725 1067 2796 solidae
1092 2749 1168 2795 eru·

140 2917 144 2938 ¹
209 2845 344 2916 ditionis
369 2853 404 2915 et
420 2869 519 2915 verae
538 2843 756 2914 humanitatis
777 2844 913 2914 laudem
938 2844 1169 2914 informandos

211 2987 306 3034 meae
337 2964 551 3057 potissimum
579 2985 681 3032 curae
706 2987 745 3031 ao
772 2961 851 3033 fidei
878 2966 1086 3043 committere
1108 2989 1167 3034 vo-

214 3083 354 3155 lueritis.

260 3201 356 3272 Hanc
378 3224 440 3295 ego
455 3201 608 3300 Vestram
627 3225 721 3296 spem
739 3211 772 3272 et
788 3203 947 3273 fiduciam
968 3228 1011 3274 ne
1023 3203 1163 3297 fallam,

211 3322 340 3417 siquid
361 3331 412 3392 est
431 3323 538 3392 in'me
560 3323 681 3414 ingenii
701 3322 968 3417 industriaeque,
991 3325 1083 3393 omni
1102 3348 1166 3421 ope

209 3445 413 3535 intentisque
430 3440 558 3511 viribus
571 3441 729 3511 omnibus
746 3450 882 3515 strenue
901 3445 1018 3514 enitar.
1046 3445 1092 3514 At
1108 3444 1161 3515 vel

213 3567 261 3636 aie
287 3559 397 3633 tamen
422 3585 538 3632 vereor
563 3585 605 3632 ne
627 3562 735 3632 multa
764 3565 800 3632 in
825 3588 879 3633 me
905 3566 974 3633 sitis
999 3563 1165 3636 desidera·

213 3687 301 3776 turi,
327 3706 415 3777 quae
439 3705 481 3752 ne
510 3690 674 3774 perpetuo
700 3680 810 3751 desint
833 3685 995 3753 maturior
1020 3694 1109 3755 aetas
1133 3695 1167 3756 et

209 3805 341 3877 assidua
377 3803 587 3892 eriereitatio,
624 3825 741 3896 spero,
767 3800 923 3871 efficient.
974 3803 1040 3874 Sed
1069 3805 1170 3898 quid-

212 3927 296 4023 quid
328 3924 557 3996 desiderabitis
592 3933 727 4018 gratum
763 3948 841 4016 erga
873 3925 1063 4020 Principem
1094 3926 1166 3993 aui·

209 4065 320 4138 mum,
347 4070 514 4119 summam
536 4048 572 4118 in
597 4045 699 4118 Vobis
723 4045 873 4118 colendis
895 4056 930 4118 et
950 4044 1165 4118 observandis
