<?xml version="1.0" encoding="UTF-8"?>
<!DOCTYPE html PUBLIC "-//W3C//DTD XHTML 1.0 Transitional//EN"
    "http://www.w3.org/TR/xhtml1/DTD/xhtml1-transitional.dtd">
<html xmlns="http://www.w3.org/1999/xhtml" xml:lang="en" lang="en">
 <head>
  <title>
</title>
<meta http-equiv="Content-Type" content="text/html;charset=utf-8" />
  <meta name='ocr-system' content='tesseract 3.04.00' />
  <meta name='ocr-capabilities' content='ocr_page ocr_carea ocr_par ocr_line ocrx_word'/>
</head>
<body>
  <div class='ocr_page' id='page_1' title='image "./oratiodearteint00cobegoog_0032.png"; bbox 0 0 3100 4942; ppageno 0'>
   <div class='ocr_carea' id='block_1_1' title="bbox 818 551 868 623">
    <p class='ocr_par' dir='ltr' id='par_1_1' title="bbox 818 551 868 623">
     <span class='ocr_line' id='line_1_1' title="bbox 818 551 868 623; baseline -0.02 0"><span class='ocrx_word' id='word_1_1' title='bbox 818 551 868 623; x_wconf 71' lang='lat'><strong>26</strong></span> 
     </span>
    </p>
   </div>
   <div class='ocr_carea' id='block_1_2' title="bbox 342 771 1325 4102">
    <p class='ocr_par' dir='ltr' id='par_1_2' title="bbox 342 771 1325 4102">
     <span class='ocr_line' id='line_1_2' title="bbox 361 771 1323 866; baseline 0.005 -20"><span class='ocrx_word' id='word_1_2' title='bbox 361 781 453 846; x_wconf 82' lang='lat' dir='ltr'><strong>tatus</strong></span> <span class='ocrx_word' id='word_1_3' title='bbox 469 780 536 862; x_wconf 84' lang='lat' dir='ltr'><strong>est,</strong></span> <span class='ocrx_word' id='word_1_4' title='bbox 555 773 591 843; x_wconf 93' lang='lat' dir='ltr'><strong>in</strong></span> <span class='ocrx_word' id='word_1_5' title='bbox 611 771 738 866; x_wconf 88' lang='lat' dir='ltr'><strong>quibus</strong></span> <span class='ocrx_word' id='word_1_6' title='bbox 755 772 854 842; x_wconf 92' lang='lat' dir='ltr'><strong>nimis</strong></span> <span class='ocrx_word' id='word_1_7' title='bbox 871 773 998 844; x_wconf 88' lang='lat' dir='ltr'><strong>multos</strong></span> <span class='ocrx_word' id='word_1_8' title='bbox 1011 771 1115 846; x_wconf 83' lang='lat' dir='ltr'><strong>fuisse</strong></span> <span class='ocrx_word' id='word_1_9' title='bbox 1131 775 1323 851; x_wconf 89' lang='lat' dir='ltr'><strong>dolendum</strong></span> 
     </span>
     <span class='ocr_line' id='line_1_3' title="bbox 363 889 1317 990; baseline 0.002 -23"><span class='ocrx_word' id='word_1_10' title='bbox 363 904 429 984; x_wconf 84' lang='lat' dir='ltr'><strong>est,</strong></span> <span class='ocrx_word' id='word_1_11' title='bbox 454 895 513 988; x_wconf 90' lang='lat' dir='ltr'><strong>qui</strong></span> <span class='ocrx_word' id='word_1_12' title='bbox 533 892 614 962; x_wconf 90' lang='lat' dir='ltr'><strong>huic</strong></span> <span class='ocrx_word' id='word_1_13' title='bbox 638 889 751 960; x_wconf 89' lang='lat' dir='ltr'><strong>officio</strong></span> <span class='ocrx_word' id='word_1_14' title='bbox 770 893 915 986; x_wconf 91' lang='lat' dir='ltr'><strong>impares</strong></span> <span class='ocrx_word' id='word_1_15' title='bbox 937 901 997 963; x_wconf 88' lang='lat' dir='ltr'><strong>aut</strong></span> <span class='ocrx_word' id='word_1_16' title='bbox 1017 918 1089 964; x_wconf 91' lang='lat' dir='ltr'><strong>rem</strong></span> <span class='ocrx_word' id='word_1_17' title='bbox 1108 897 1317 990; x_wconf 88' lang='lat' dir='ltr'><strong>praeclaram</strong></span> 
     </span>
     <span class='ocr_line' id='line_1_4' title="bbox 362 1011 1318 1091; baseline 0.004 -5"><span class='ocrx_word' id='word_1_18' title='bbox 362 1016 405 1087; x_wconf 93' lang='lat' dir='ltr'><strong>ad</strong></span> <span class='ocrx_word' id='word_1_19' title='bbox 430 1037 524 1084; x_wconf 90' lang='lat' dir='ltr'><strong>suam</strong></span> <span class='ocrx_word' id='word_1_20' title='bbox 546 1011 744 1081; x_wconf 80' lang='lat' dir='ltr'><strong>tenuitatem</strong></span> <span class='ocrx_word' id='word_1_21' title='bbox 766 1011 1003 1081; x_wconf 80' lang='lat' dir='ltr'><strong>contraherent</strong></span> <span class='ocrx_word' id='word_1_22' title='bbox 1024 1022 1084 1082; x_wconf 87' lang='lat' dir='ltr'><strong>aut</strong></span> <span class='ocrx_word' id='word_1_23' title='bbox 1105 1015 1241 1088; x_wconf 88' lang='lat' dir='ltr'><strong>mobilis</strong></span> <span class='ocrx_word' id='word_1_24' title='bbox 1264 1022 1318 1091; x_wconf 93' lang='lat' dir='ltr'><strong>in-</strong></span> 
     </span>
     <span class='ocr_line' id='line_1_5' title="bbox 361 1131 1319 1232; baseline 0.006 -26"><span class='ocrx_word' id='word_1_25' title='bbox 361 1137 449 1232; x_wconf 84' lang='lat' dir='ltr'><strong>genii</strong></span> <span class='ocrx_word' id='word_1_26' title='bbox 478 1133 687 1203; x_wconf 87' lang='lat' dir='ltr'><strong>velocitatem</strong></span> <span class='ocrx_word' id='word_1_27' title='bbox 713 1131 812 1200; x_wconf 91' lang='lat' dir='ltr'><strong>nullo</strong></span> <span class='ocrx_word' id='word_1_28' title='bbox 838 1134 976 1202; x_wconf 88' lang='lat' dir='ltr'><strong>rationis</strong></span> <span class='ocrx_word' id='word_1_29' title='bbox 1005 1133 1100 1204; x_wconf 85' lang='lat' dir='ltr'><strong>freno</strong></span> <span class='ocrx_word' id='word_1_30' title='bbox 1124 1150 1319 1212; x_wconf 83' lang='lat' dir='ltr'><strong>coercentes</strong></span> 
     </span>
     <span class='ocr_line' id='line_1_6' title="bbox 362 1254 1318 1356; baseline 0.001 -26"><span class='ocrx_word' id='word_1_31' title='bbox 362 1261 432 1330; x_wconf 89' lang='lat' dir='ltr'><strong>sine</strong></span> <span class='ocrx_word' id='word_1_32' title='bbox 453 1256 526 1328; x_wconf 92' lang='lat' dir='ltr'><strong>ullo</strong></span> <span class='ocrx_word' id='word_1_33' title='bbox 552 1254 667 1323; x_wconf 86' lang='lat' dir='ltr'><strong>fructu</strong></span> <span class='ocrx_word' id='word_1_34' title='bbox 695 1256 808 1324; x_wconf 88' lang='lat' dir='ltr'><strong>omnia</strong></span> <span class='ocrx_word' id='word_1_35' title='bbox 830 1256 983 1326; x_wconf 88' lang='lat' dir='ltr'><strong>tumultu</strong></span> <span class='ocrx_word' id='word_1_36' title='bbox 1008 1266 1053 1327; x_wconf 89' lang='lat' dir='ltr'><strong>et·</strong></span> <span class='ocrx_word' id='word_1_37' title='bbox 1066 1258 1178 1328; x_wconf 88' lang='lat' dir='ltr'><strong>turbis</strong></span> <span class='ocrx_word' id='word_1_38' title='bbox 1199 1261 1318 1356; x_wconf 91' lang='lat' dir='ltr'><strong>imple-</strong></span> 
     </span>
     <span class='ocr_line' id='line_1_7' title="bbox 364 1375 1319 1454; baseline 0.003 -4"><span class='ocrx_word' id='word_1_39' title='bbox 364 1387 449 1449; x_wconf 86' lang='lat' dir='ltr'><strong>rent.</strong></span> <span class='ocrx_word' id='word_1_40' title='bbox 499 1375 552 1445; x_wconf 93' lang='lat' dir='ltr'><strong>Illi</strong></span> <span class='ocrx_word' id='word_1_41' title='bbox 580 1375 627 1445; x_wconf 93' lang='lat' dir='ltr'><strong>nil</strong></span> <span class='ocrx_word' id='word_1_42' title='bbox 658 1376 722 1444; x_wconf 89' lang='lat' dir='ltr'><strong>nisi</strong></span> <span class='ocrx_word' id='word_1_43' title='bbox 752 1378 953 1447; x_wconf 80' lang='lat' dir='ltr'><strong>variantium</strong></span> <span class='ocrx_word' id='word_1_44' title='bbox 978 1379 1162 1450; x_wconf 91' lang='lat' dir='ltr'><strong>lectionum</strong></span> <span class='ocrx_word' id='word_1_45' title='bbox 1182 1405 1319 1454; x_wconf 82' lang='lat' dir='ltr'><strong>acervos</strong></span> 
     </span>
     <span class='ocr_line' id='line_1_8' title="bbox 362 1496 1320 1595; baseline 0.001 -23"><span class='ocrx_word' id='word_1_46' title='bbox 362 1500 513 1592; x_wconf 90' lang='lat' dir='ltr'><strong>undique</strong></span> <span class='ocrx_word' id='word_1_47' title='bbox 546 1496 664 1567; x_wconf 88' lang='lat' dir='ltr'><strong>sedulo</strong></span> <span class='ocrx_word' id='word_1_48' title='bbox 698 1498 903 1588; x_wconf 88' lang='lat' dir='ltr'><strong>corradunt,</strong></span> <span class='ocrx_word' id='word_1_49' title='bbox 945 1509 1120 1570; x_wconf 87' lang='lat' dir='ltr'><strong>onerantes</strong></span> <span class='ocrx_word' id='word_1_50' title='bbox 1155 1503 1320 1595; x_wconf 89' lang='lat' dir='ltr'><strong>cuiusque</strong></span> 
     </span>
     <span class='ocr_line' id='line_1_9' title="bbox 362 1606 1317 1717; baseline 0.004 -27"><span class='ocrx_word' id='word_1_51' title='bbox 362 1619 492 1714; x_wconf 85' lang='lat' dir='ltr'><strong>generis</strong></span> <span class='ocrx_word' id='word_1_52' title='bbox 528 1618 709 1711; x_wconf 77' lang='lat' dir='ltr'><strong>scriptores</strong></span> <span class='ocrx_word' id='word_1_53' title='bbox 739 1606 881 1690; x_wconf 81' lang='lat' dir='ltr'><strong>molesto</strong></span> <span class='ocrx_word' id='word_1_54' title='bbox 917 1620 1097 1714; x_wconf 88' lang='lat' dir='ltr'><strong>inutilique</strong></span> <span class='ocrx_word' id='word_1_55' title='bbox 1133 1633 1317 1717; x_wconf 86' lang='lat' dir='ltr'><strong>apparatu,</strong></span> 
     </span>
     <span class='ocr_line' id='line_1_10' title="bbox 364 1736 1320 1837; baseline 0.006 -29"><span class='ocrx_word' id='word_1_56' title='bbox 364 1763 433 1832; x_wconf 91' lang='lat' dir='ltr'><strong>quo</strong></span> <span class='ocrx_word' id='word_1_57' title='bbox 465 1760 564 1832; x_wconf 83' lang='lat' dir='ltr'><strong>saepe</strong></span> <span class='ocrx_word' id='word_1_58' title='bbox 587 1736 671 1806; x_wconf 92' lang='lat' dir='ltr'><strong>nihil</strong></span> <span class='ocrx_word' id='word_1_59' title='bbox 697 1737 815 1806; x_wconf 89' lang='lat' dir='ltr'><strong>estad</strong></span> <span class='ocrx_word' id='word_1_60' title='bbox 840 1740 1123 1832; x_wconf 86' lang='lat' dir='ltr'><strong>exstinguendum</strong></span> <span class='ocrx_word' id='word_1_61' title='bbox 1148 1744 1320 1837; x_wconf 84' lang='lat' dir='ltr'><strong>ingenium</strong></span> 
     </span>
     <span class='ocr_line' id='line_1_11' title="bbox 364 1857 1323 1958; baseline 0.008 -31"><span class='ocrx_word' id='word_1_62' title='bbox 364 1860 470 1952; x_wconf 86' lang='lat' dir='ltr'><strong>magis</strong></span> <span class='ocrx_word' id='word_1_63' title='bbox 482 1857 652 1945; x_wconf 90' lang='lat' dir='ltr'><strong>idoneum,</strong></span> <span class='ocrx_word' id='word_1_64' title='bbox 663 1857 698 1924; x_wconf 91' lang='lat' dir='ltr'><strong>in</strong></span> <span class='ocrx_word' id='word_1_65' title='bbox 711 1858 942 1932; x_wconf 81' lang='lat' dir='ltr'><strong>minutissimis</strong></span> <span class='ocrx_word' id='word_1_66' title='bbox 955 1860 1150 1955; x_wconf 84' lang='lat' dir='ltr'><strong>quibusque</strong></span> <span class='ocrx_word' id='word_1_67' title='bbox 1162 1864 1323 1958; x_wconf 84' lang='lat' dir='ltr'><strong>loquaces</strong></span> 
     </span>
     <span class='ocr_line' id='line_1_12' title="bbox 363 1976 1322 2072; baseline 0.006 -25"><span class='ocrx_word' id='word_1_68' title='bbox 363 1978 550 2072; x_wconf 88' lang='lat' dir='ltr'><strong>putidaque</strong></span> <span class='ocrx_word' id='word_1_69' title='bbox 586 1976 759 2069; x_wconf 83' lang='lat' dir='ltr'><strong>diligentia</strong></span> <span class='ocrx_word' id='word_1_70' title='bbox 795 1978 954 2062; x_wconf 83' lang='lat' dir='ltr'><strong>verbosos</strong></span> <span class='ocrx_word' id='word_1_71' title='bbox 996 1984 1255 2053; x_wconf 87' lang='lat' dir='ltr'><strong>commentarios</strong></span> <span class='ocrx_word' id='word_1_72' title='bbox 1287 1993 1322 2055; x_wconf 90' lang='lat' dir='ltr'><strong>et</strong></span> 
     </span>
     <span class='ocr_line' id='line_1_13' title="bbox 364 2095 1322 2192; baseline 0.005 -24"><span class='ocrx_word' id='word_1_73' title='bbox 364 2097 490 2168; x_wconf 88' lang='lat' dir='ltr'><strong>nubem</strong></span> <span class='ocrx_word' id='word_1_74' title='bbox 507 2095 758 2188; x_wconf 85' lang='lat' dir='ltr'><strong>exemplorum,</strong></span> <span class='ocrx_word' id='word_1_75' title='bbox 775 2120 863 2189; x_wconf 87' lang='lat' dir='ltr'><strong>quae</strong></span> <span class='ocrx_word' id='word_1_76' title='bbox 876 2122 975 2169; x_wconf 89' lang='lat' dir='ltr'><strong>nemo</strong></span> <span class='ocrx_word' id='word_1_77' title='bbox 987 2099 1165 2192; x_wconf 84' lang='lat' dir='ltr'><strong>desideret,</strong></span> <span class='ocrx_word' id='word_1_78' title='bbox 1184 2126 1322 2173; x_wconf 85' lang='lat' dir='ltr'><strong>consar-</strong></span> 
     </span>
     <span class='ocr_line' id='line_1_14' title="bbox 365 2215 1322 2294; baseline 0.005 -5"><span class='ocrx_word' id='word_1_79' title='bbox 365 2220 524 2289; x_wconf 88' lang='lat' dir='ltr'><strong>cinantes.</strong></span> <span class='ocrx_word' id='word_1_80' title='bbox 567 2217 654 2286; x_wconf 93' lang='lat' dir='ltr'><strong>Hinc</strong></span> <span class='ocrx_word' id='word_1_81' title='bbox 677 2215 717 2284; x_wconf 82' lang='lat' dir='ltr'><strong>fit</strong></span> <span class='ocrx_word' id='word_1_82' title='bbox 736 2225 776 2285; x_wconf 88' lang='lat' dir='ltr'><strong>ut</strong></span> <span class='ocrx_word' id='word_1_83' title='bbox 800 2218 900 2286; x_wconf 88' lang='lat' dir='ltr'><strong>nimis</strong></span> <span class='ocrx_word' id='word_1_84' title='bbox 928 2219 1028 2289; x_wconf 92' lang='lat' dir='ltr'><strong>multi</strong></span> <span class='ocrx_word' id='word_1_85' title='bbox 1050 2221 1094 2290; x_wconf 87' lang='lat' dir='ltr'><strong>ah</strong></span> <span class='ocrx_word' id='word_1_86' title='bbox 1112 2231 1184 2292; x_wconf 88' lang='lat' dir='ltr'><strong>arte</strong></span> <span class='ocrx_word' id='word_1_87' title='bbox 1204 2223 1322 2294; x_wconf 81' lang='lat' dir='ltr'><strong>critica</strong></span> 
     </span>
     <span class='ocr_line' id='line_1_15' title="bbox 365 2335 1321 2436; baseline 0.008 -31"><span class='ocrx_word' id='word_1_88' title='bbox 365 2335 586 2426; x_wconf 83' lang='lat' dir='ltr'><strong>abhorreant,</strong></span> <span class='ocrx_word' id='word_1_89' title='bbox 625 2361 726 2431; x_wconf 89' lang='lat' dir='ltr'><strong>quam</strong></span> <span class='ocrx_word' id='word_1_90' title='bbox 761 2339 806 2406; x_wconf 90' lang='lat' dir='ltr'><strong>ita</strong></span> <span class='ocrx_word' id='word_1_91' title='bbox 832 2342 1059 2432; x_wconf 82' lang='lat' dir='ltr'><strong>comparatam</strong></span> <span class='ocrx_word' id='word_1_92' title='bbox 1085 2364 1156 2412; x_wconf 87' lang='lat' dir='ltr'><strong>esse</strong></span> <span class='ocrx_word' id='word_1_93' title='bbox 1181 2351 1321 2436; x_wconf 85' lang='lat' dir='ltr'><strong>putant,</strong></span> 
     </span>
     <span class='ocr_line' id='line_1_16' title="bbox 367 2458 1323 2557; baseline 0.012 -31"><span class='ocrx_word' id='word_1_94' title='bbox 367 2467 406 2527; x_wconf 88' lang='lat' dir='ltr'><strong>ut</strong></span> <span class='ocrx_word' id='word_1_95' title='bbox 436 2482 624 2550; x_wconf 91' lang='lat' dir='ltr'><strong>numquam</strong></span> <span class='ocrx_word' id='word_1_96' title='bbox 658 2484 698 2529; x_wconf 87' lang='lat' dir='ltr'><strong>ex</strong></span> <span class='ocrx_word' id='word_1_97' title='bbox 735 2458 800 2528; x_wconf 83' lang='lat' dir='ltr'><strong>hac&#39;</strong></span> <span class='ocrx_word' id='word_1_98' title='bbox 819 2460 1081 2553; x_wconf 85' lang='lat' dir='ltr'><strong>quisquiliarum</strong></span> <span class='ocrx_word' id='word_1_99' title='bbox 1111 2463 1323 2557; x_wconf 85' lang='lat' dir='ltr'><strong>supellectile</strong></span> 
     </span>
     <span class='ocr_line' id='line_1_17' title="bbox 367 2577 1325 2673; baseline 0.007 -25"><span class='ocrx_word' id='word_1_100' title='bbox 367 2601 537 2670; x_wconf 84' lang='lat' dir='ltr'><strong>emergere</strong></span> <span class='ocrx_word' id='word_1_101' title='bbox 569 2579 687 2673; x_wconf 89' lang='lat' dir='ltr'><strong>possit.</strong></span> <span class='ocrx_word' id='word_1_102' title='bbox 735 2577 782 2648; x_wconf 80' lang='lat' dir='ltr'><strong>At</strong></span> <span class='ocrx_word' id='word_1_103' title='bbox 813 2579 912 2672; x_wconf 86' lang='lat' dir='ltr'><strong>longe</strong></span> <span class='ocrx_word' id='word_1_104' title='bbox 944 2602 1041 2649; x_wconf 86' lang='lat' dir='ltr'><strong>secus</strong></span> <span class='ocrx_word' id='word_1_105' title='bbox 1064 2588 1125 2651; x_wconf 86' lang='lat' dir='ltr'><strong>est.</strong></span> <span class='ocrx_word' id='word_1_106' title='bbox 1161 2581 1325 2656; x_wconf 85' lang='lat' dir='ltr'><strong>Constare</strong></span> 
     </span>
     <span class='ocr_line' id='line_1_18' title="bbox 366 2699 1323 2794; baseline 0.002 -24"><span class='ocrx_word' id='word_1_107' title='bbox 366 2700 476 2793; x_wconf 91' lang='lat' dir='ltr'><strong>eoepit</strong></span> <span class='ocrx_word' id='word_1_108' title='bbox 507 2699 593 2769; x_wconf 88' lang='lat' dir='ltr'><strong>inter</strong></span> <span class='ocrx_word' id='word_1_109' title='bbox 623 2699 750 2768; x_wconf 88' lang='lat' dir='ltr'><strong>multos</strong></span> <span class='ocrx_word' id='word_1_110' title='bbox 782 2701 941 2768; x_wconf 86' lang='lat' dir='ltr'><strong>maiorem</strong></span> <span class='ocrx_word' id='word_1_111' title='bbox 971 2708 1100 2794; x_wconf 83' lang='lat' dir='ltr'><strong>partem</strong></span> <span class='ocrx_word' id='word_1_112' title='bbox 1133 2702 1229 2772; x_wconf 87' lang='lat' dir='ltr'><strong>istius</strong></span> <span class='ocrx_word' id='word_1_113' title='bbox 1254 2703 1323 2773; x_wconf 85' lang='lat' dir='ltr'><strong>far·</strong></span> 
     </span>
     <span class='ocr_line' id='line_1_19' title="bbox 366 2818 1324 2915; baseline 0.006 -25"><span class='ocrx_word' id='word_1_114' title='bbox 366 2821 491 2914; x_wconf 80' lang='lat' dir='ltr'><strong>reginis</strong></span> <span class='ocrx_word' id='word_1_115' title='bbox 509 2819 772 2913; x_wconf 86' lang='lat' dir='ltr'><strong>discrepantium</strong></span> <span class='ocrx_word' id='word_1_116' title='bbox 806 2818 989 2888; x_wconf 90' lang='lat' dir='ltr'><strong>lectionum</strong></span> <span class='ocrx_word' id='word_1_117' title='bbox 1010 2820 1231 2915; x_wconf 86' lang='lat' dir='ltr'><strong>abiiciendam</strong></span> <span class='ocrx_word' id='word_1_118' title='bbox 1252 2848 1324 2896; x_wconf 85' lang='lat' dir='ltr'><strong>esse</strong></span> 
     </span>
     <span class='ocr_line' id='line_1_20' title="bbox 365 2939 1323 3034; baseline 0.002 -22"><span class='ocrx_word' id='word_1_119' title='bbox 365 2951 401 3012; x_wconf 89' lang='lat' dir='ltr'><strong>et</strong></span> <span class='ocrx_word' id='word_1_120' title='bbox 422 2939 580 3010; x_wconf 87' lang='lat' dir='ltr'><strong>standum</strong></span> <span class='ocrx_word' id='word_1_121' title='bbox 608 2943 809 3010; x_wconf 89' lang='lat' dir='ltr'><strong>auctoritate</strong></span> <span class='ocrx_word' id='word_1_122' title='bbox 833 2964 1021 3034; x_wconf 91' lang='lat' dir='ltr'><strong>paucorum</strong></span> <span class='ocrx_word' id='word_1_123' title='bbox 1051 2941 1236 3034; x_wconf 89' lang='lat' dir='ltr'><strong>librorum,</strong></span> <span class='ocrx_word' id='word_1_124' title='bbox 1270 2946 1323 3014; x_wconf 92' lang='lat' dir='ltr'><strong>in-</strong></span> 
     </span>
     <span class='ocr_line' id='line_1_21' title="bbox 364 3061 1325 3162; baseline 0.004 -29"><span class='ocrx_word' id='word_1_125' title='bbox 364 3062 499 3133; x_wconf 88' lang='lat' dir='ltr'><strong>terdum</strong></span> <span class='ocrx_word' id='word_1_126' title='bbox 535 3062 655 3151; x_wconf 86' lang='lat' dir='ltr'><strong>unius,</strong></span> <span class='ocrx_word' id='word_1_127' title='bbox 695 3061 785 3131; x_wconf 86' lang='lat' dir='ltr'><strong>unde</strong></span> <span class='ocrx_word' id='word_1_128' title='bbox 809 3062 959 3156; x_wconf 87' lang='lat' dir='ltr'><strong>reliquos</strong></span> <span class='ocrx_word' id='word_1_129' title='bbox 984 3063 1122 3136; x_wconf 83' lang='lat' dir='ltr'><strong>llnxisse</strong></span> <span class='ocrx_word' id='word_1_130' title='bbox 1143 3067 1325 3162; x_wconf 84' lang='lat' dir='ltr'><strong>exploratis</strong></span> 
     </span>
     <span class='ocr_line' id='line_1_22' title="bbox 367 3169 1324 3280; baseline 0.005 -27"><span class='ocrx_word' id='word_1_131' title='bbox 367 3181 525 3253; x_wconf 87' lang='lat' dir='ltr'><strong>omnihus</strong></span> <span class='ocrx_word' id='word_1_132' title='bbox 558 3187 591 3249; x_wconf 85' lang='lat' dir='ltr'><strong>et</strong></span> <span class='ocrx_word' id='word_1_133' title='bbox 622 3169 716 3249; x_wconf 86' lang='lat' dir='ltr'><strong>inter</strong></span> <span class='ocrx_word' id='word_1_134' title='bbox 739 3204 773 3250; x_wconf 89' lang='lat' dir='ltr'><strong>se</strong></span> <span class='ocrx_word' id='word_1_135' title='bbox 805 3185 1007 3276; x_wconf 91' lang='lat' dir='ltr'><strong>comparatis</strong></span> <span class='ocrx_word' id='word_1_136' title='bbox 1033 3196 1247 3280; x_wconf 87' lang='lat' dir='ltr'><strong>compertum</strong></span> <span class='ocrx_word' id='word_1_137' title='bbox 1269 3191 1324 3259; x_wconf 90' lang='lat' dir='ltr'><strong>sit.</strong></span> 
     </span>
     <span class='ocr_line' id='line_1_23' title="bbox 368 3299 1324 3394; baseline 0.004 -23"><span class='ocrx_word' id='word_1_138' title='bbox 368 3299 469 3372; x_wconf 90' lang='lat' dir='ltr'><strong>Haud</strong></span> <span class='ocrx_word' id='word_1_139' title='bbox 491 3301 537 3368; x_wconf 86' lang='lat' dir='ltr'><strong>ita</strong></span> <span class='ocrx_word' id='word_1_140' title='bbox 560 3322 681 3391; x_wconf 86' lang='lat' dir='ltr'><strong>magna</strong></span> <span class='ocrx_word' id='word_1_141' title='bbox 706 3299 801 3393; x_wconf 88' lang='lat' dir='ltr'><strong>copia</strong></span> <span class='ocrx_word' id='word_1_142' title='bbox 833 3309 884 3369; x_wconf 88' lang='lat' dir='ltr'><strong>est</strong></span> <span class='ocrx_word' id='word_1_143' title='bbox 907 3302 1122 3394; x_wconf 90' lang='lat' dir='ltr'><strong>antiquarum</strong></span> <span class='ocrx_word' id='word_1_144' title='bbox 1150 3305 1324 3375; x_wconf 88' lang='lat' dir='ltr'><strong>membra-</strong></span> 
     </span>
     <span class='ocr_line' id='line_1_24' title="bbox 368 3419 1325 3512; baseline 0.005 -22"><span class='ocrx_word' id='word_1_145' title='bbox 368 3443 506 3506; x_wconf 84' lang='lat' dir='ltr'><strong>narum,</strong></span> <span class='ocrx_word' id='word_1_146' title='bbox 541 3442 628 3512; x_wconf 88' lang='lat' dir='ltr'><strong>quae</strong></span> <span class='ocrx_word' id='word_1_147' title='bbox 652 3419 769 3512; x_wconf 87' lang='lat' dir='ltr'><strong>paucis</strong></span> <span class='ocrx_word' id='word_1_148' title='bbox 786 3427 872 3488; x_wconf 83' lang='lat' dir='ltr'><strong>ante</strong></span> <span class='ocrx_word' id='word_1_149' title='bbox 894 3430 1026 3491; x_wconf 85' lang='lat' dir='ltr'><strong>renatas</strong></span> <span class='ocrx_word' id='word_1_150' title='bbox 1048 3422 1161 3493; x_wconf 85' lang='lat' dir='ltr'><strong>literas</strong></span> <span class='ocrx_word' id='word_1_151' title='bbox 1181 3426 1325 3495; x_wconf 87' lang='lat' dir='ltr'><strong>saeculis</strong></span> 
     </span>
     <span class='ocr_line' id='line_1_25' title="bbox 370 3536 1325 3634; baseline 0.005 -22"><span class='ocrx_word' id='word_1_152' title='bbox 370 3542 460 3612; x_wconf 85' lang='lat' dir='ltr'><strong>solae</strong></span> <span class='ocrx_word' id='word_1_153' title='bbox 479 3536 663 3610; x_wconf 81' lang='lat' dir='ltr'><strong>servabant</strong></span> <span class='ocrx_word' id='word_1_154' title='bbox 686 3561 742 3608; x_wconf 90' lang='lat' dir='ltr'><strong>eos</strong></span> <span class='ocrx_word' id='word_1_155' title='bbox 758 3540 962 3630; x_wconf 76' lang='lat' dir='ltr'><strong>scriptores,</strong></span> <span class='ocrx_word' id='word_1_156' title='bbox 988 3566 1075 3634; x_wconf 90' lang='lat' dir='ltr'><strong>quos</strong></span> <span class='ocrx_word' id='word_1_157' title='bbox 1099 3567 1191 3614; x_wconf 90' lang='lat' dir='ltr'><strong>nunc</strong></span> <span class='ocrx_word' id='word_1_158' title='bbox 1218 3545 1325 3617; x_wconf 90' lang='lat' dir='ltr'><strong>habe-</strong></span> 
     </span>
     <span class='ocr_line' id='line_1_26' title="bbox 342 3658 1324 3754; baseline 0.005 -23"><span class='ocrx_word' id='word_1_159' title='bbox 342 3685 445 3731; x_wconf 87' lang='lat' dir='ltr'><strong>mus</strong></span> <span class='ocrx_word' id='word_1_160' title='bbox 469 3659 675 3754; x_wconf 86' lang='lat' dir='ltr'><strong>superstites.</strong></span> <span class='ocrx_word' id='word_1_161' title='bbox 724 3658 881 3728; x_wconf 86' lang='lat' dir='ltr'><strong>Excitatis</strong></span> <span class='ocrx_word' id='word_1_162' title='bbox 906 3659 1020 3731; x_wconf 90' lang='lat' dir='ltr'><strong>denuo</strong></span> <span class='ocrx_word' id='word_1_163' title='bbox 1043 3663 1220 3735; x_wconf 90' lang='lat' dir='ltr'><strong>hominum</strong></span> <span class='ocrx_word' id='word_1_164' title='bbox 1250 3676 1324 3736; x_wconf 87' lang='lat' dir='ltr'><strong>stu-</strong></span> 
     </span>
     <span class='ocr_line' id='line_1_27' title="bbox 370 3779 1321 3883; baseline 0.014 -36"><span class='ocrx_word' id='word_1_165' title='bbox 370 3779 434 3848; x_wconf 88' lang='lat' dir='ltr'><strong>diis</strong></span> <span class='ocrx_word' id='word_1_166' title='bbox 458 3803 579 3873; x_wconf 90' lang='lat' dir='ltr'><strong>magna</strong></span> <span class='ocrx_word' id='word_1_167' title='bbox 604 3804 644 3850; x_wconf 88' lang='lat' dir='ltr'><strong>ex</strong></span> <span class='ocrx_word' id='word_1_168' title='bbox 669 3781 709 3850; x_wconf 88' lang='lat' dir='ltr'><strong>iis</strong></span> <span class='ocrx_word' id='word_1_169' title='bbox 731 3781 1007 3876; x_wconf 87' lang='lat' dir='ltr'><strong>apographorum</strong></span> <span class='ocrx_word' id='word_1_170' title='bbox 1033 3783 1221 3881; x_wconf 83' lang='lat' dir='ltr'><strong>frequentia</strong></span> <span class='ocrx_word' id='word_1_171' title='bbox 1246 3813 1321 3883; x_wconf 88' lang='lat' dir='ltr'><strong>pas·</strong></span> 
     </span>
     <span class='ocr_line' id='line_1_28' title="bbox 370 3899 1325 3994; baseline 0.013 -24"><span class='ocrx_word' id='word_1_172' title='bbox 370 3901 433 3970; x_wconf 90' lang='lat' dir='ltr'><strong>sim</strong></span> <span class='ocrx_word' id='word_1_173' title='bbox 458 3899 545 3970; x_wconf 74' lang='lat' dir='ltr'><strong>heta</strong></span> <span class='ocrx_word' id='word_1_174' title='bbox 575 3910 640 3970; x_wconf 87' lang='lat' dir='ltr'><strong>est:</strong></span> <span class='ocrx_word' id='word_1_175' title='bbox 669 3901 715 3969; x_wconf 89' lang='lat' dir='ltr'><strong>ita</strong></span> <span class='ocrx_word' id='word_1_176' title='bbox 734 3903 840 3970; x_wconf 86' lang='lat' dir='ltr'><strong>crevit</strong></span> <span class='ocrx_word' id='word_1_177' title='bbox 863 3902 1001 3994; x_wconf 89' lang='lat' dir='ltr'><strong>quidem</strong></span> <span class='ocrx_word' id='word_1_178' title='bbox 1025 3907 1180 3979; x_wconf 92' lang='lat' dir='ltr'><strong>codicum</strong></span> <span class='ocrx_word' id='word_1_179' title='bbox 1206 3936 1325 3983; x_wconf 88' lang='lat' dir='ltr'><strong>nume·</strong></span> 
     </span>
     <span class='ocr_line' id='line_1_29' title="bbox 371 4019 1323 4102; baseline 0.009 -12"><span class='ocrx_word' id='word_1_180' title='bbox 371 4043 429 4092; x_wconf 90' lang='lat' dir='ltr'><strong>rus</strong></span> <span class='ocrx_word' id='word_1_181' title='bbox 463 4019 521 4092; x_wconf 85' lang='lat' dir='ltr'><strong>sed</strong></span> <span class='ocrx_word' id='word_1_182' title='bbox 543 4020 612 4092; x_wconf 91' lang='lat' dir='ltr'><strong>sine</strong></span> <span class='ocrx_word' id='word_1_183' title='bbox 637 4019 710 4092; x_wconf 90' lang='lat' dir='ltr'><strong>ullo</strong></span> <span class='ocrx_word' id='word_1_184' title='bbox 736 4020 963 4094; x_wconf 87' lang='lat' dir='ltr'><strong>emendandae</strong></span> <span class='ocrx_word' id='word_1_185' title='bbox 986 4023 1138 4098; x_wconf 88' lang='lat' dir='ltr'><strong>lectionis</strong></span> <span class='ocrx_word' id='word_1_186' title='bbox 1159 4028 1323 4102; x_wconf 89' lang='lat' dir='ltr'><strong>subsidio:</strong></span> 
     </span>
    </p>
   </div>
   <div class='ocr_carea' id='block_1_3' title="bbox 1086 4261 1091 4290">
    <p class='ocr_par' dir='ltr' id='par_1_3' title="bbox 1086 4261 1091 4290">
     <span class='ocr_line' id='line_1_30' title="bbox 1086 4261 1091 4290; baseline 0 0"><span class='ocrx_word' id='word_1_187' title='bbox 1086 4261 1091 4290; x_wconf 88' lang='lat' dir='ltr'><strong>l</strong></span> 
     </span>
    </p>
   </div>
   <div class='ocr_carea' id='block_1_4' title="bbox 0 0 1566 4942">
    <p class='ocr_par' dir='ltr' id='par_1_4' title="bbox 0 0 1566 4942">
     <span class='ocr_line' id='line_1_31' title="bbox 0 0 1566 4942; baseline 0 0"><span class='ocrx_word' id='word_1_188' title='bbox 0 0 1566 4942; x_wconf 95' lang='lat' dir='ltr'><strong> </strong></span> 
     </span>
    </p>
   </div>
  </div>
 </body>
</html>
