3100 4942
809 561 859 633 52

362 783 600 871 reverentiam,
627 781 798 852 ardentem
829 782 1003 879 literarum
1033 805 1181 854 amorem
1206 785 1316 854 studi-

364 925 492 995 umque
510 899 552 970 de
567 900 630 970 hac
643 899 841 992 Academia,
868 903 911 972 de
927 903 979 972 his
994 903 1174 974 iuvenibus
1188 906 1317 1000 optime

364 1020 513 1092 merendi
537 1021 767 1092 desiderabitis
792 1048 999 1118 numquam.v

414 1379 504 1468 Quid
525 1380 607 1449 mihi
630 1382 731 1450 animi
749 1405 822 1454 esse
841 1378 1018 1470 censeatis,
1045 1383 1108 1453 viri
1128 1381 1319 1480 clarissimi,

367 1524 453 1596 quos
471 1510 547 1571 ante
567 1500 639 1571 hos
655 1527 783 1596 paucos
808 1528 913 1576 anuos
938 1505 1127 1598 discipulus
1152 1503 1322 1598 suspicere

366 1629 400 1692 et
429 1622 570 1691 revereri
596 1622 715 1691 solitus
733 1648 826 1694 nune
847 1623 940 1695 dulci
956 1626 1166 1720 collegarum
1186 1623 1323 1693 nomine

364 1765 504 1838 possum
533 1727 690 1812 salutare.

416 1863 535 1954 Neque
568 1854 680 1931 tamdn
711 1871 888 1963 propterea
918 1872 977 1934 aut
1011 1864 1078 1934 Vos
1111 1863 1233 1933 mutati
1264 1869 1324 1930 aut

368 1985 439 2078 ipse
464 1982 547 2050 mibi
566 2006 634 2052 non
659 1982 747 2052 idem
773 1986 832 2077 qui
853 1995 949 2056 antea
973 1984 1088 2055 videor
1116 2008 1197 2055 esse.
1240 1984 1325 2054 Nam

370 2126 556 2194 numquam
578 2103 660 2172 mihi
679 2107 804 2173 morosi
826 2113 887 2174 aut
907 2107 1010 2175 severi
1029 2105 1177 2197 magistri
1198 2103 1323 2191 fuistis,

375 2223 433 2294 sed
465 2247 503 2293 ea
529 2246 661 2318 semper
686 2236 795 2295 vestra
825 2225 890 2294 suit
913 2249 991 2319 erga
1017 2250 1071 2296 me
1094 2223 1326 2294 benevolentia

375 2351 408 2414 et
447 2342 649 2436 benignitas,
687 2352 726 2414 ut
761 2343 879 2413 multis
915 2367 1022 2438 prope
1058 2345 1093 2411 in
1126 2343 1223 2415 amici
1250 2342 1326 2413 loco

374 2486 489 2534 essem.
532 2464 657 2557 ⁴ltaque
682 2463 748 2534 hoc
772 2471 844 2532 erat
868 2464 902 2532 in
932 2465 1033 2549 votis,
1059 2461 1268 2556 quodnunc
1292 2462 1327 2531 in

374 2584 518 2653 maxima
549 2582 716 2652 felicitatis
746 2606 840 2651 meae
874 2593 970 2674 parte
998 2605 1106 2675 pono,
1141 2589 1180 2651 ut
1205 2583 1240 2650 in
1264 2580 1329 2650 hac

378 2704 573 2793 Academia,
600 2702 635 2771 id
654 2713 704 2772 est
721 2701 923 2791 Vobiscum,
948 2702 1059 2772 vivere
1080 2701 1160 2770 mihi
1182 2699 1330 2772 daretur.

377 2826 505 2920 Nempe
528 2825 573 2893 ita
597 2822 678 2892 mihi
704 2822 848 2891 maxime
870 2827 904 2890 et
927 2820 993 2888 vita
1017 2820 1128 2888 suavis
1150 2826 1184 2888 et
1205 2819 1331 2890 studio-

377 2969 454 3015 rum
490 2943 622 3013 fruotus
655 2940 774 3011 uberes
809 2940 881 3010 fore
918 2938 1134 3030 videbantur,
1166 2941 1193 3008 si
1220 2942 1331 3012 vivere

378 3087 510 3159 possem
537 3062 679 3150 Tecum,
712 3061 839 3153 optime
869 3058 976 3148 Bana,
1008 3082 1108 3151 quem
1136 3061 1254 3150 quanti
1279 3060 1333 3130 fa-

381 3187 486 3273 ciam,
510 3190 635 3275 quanta
655 3182 778 3275 pietate
806 3187 840 3248 et
870 3180 1008 3248 caritate
1028 3202 1232 3273 prosequar,
1266 3181 1334 3249 uti-

380 3327 457 3375 nam
479 3304 524 3372 ita
546 3302 655 3371 dicere
676 3300 841 3388 valerem,
868 3308 907 3368 ut
924 3298 976 3368 Tu
1001 3298 1119 3369 deme
1141 3301 1280 3370 meritus
1299 3325 1334 3372 es

380 3434 415 3496 et
445 3424 544 3494 sentit
558 3424 596 3492 in
617 3428 754 3515 pectore
779 3419 921 3487 animus.
971 3417 1046 3487 Non
1070 3426 1120 3485 est
1142 3442 1233 3489 meae
1256 3443 1337 3491 mo-

383 3545 507 3615 destiae
532 3543 622 3612 Tuas
660 3537 777 3609 laudes
809 3536 1002 3631 praedicare
1026 3535 1083 3605 sed
1107 3536 1199 3606 iuvat
1221 3538 1332 3630 palam

384 3664 439 3734 hic
459 3661 609 3757 profiteri
629 3681 745 3753 posse,
766 3655 929 3750 gratulari
953 3680 1007 3726 me
1027 3656 1127 3745 mihi,
1153 3658 1213 3748 qui
1232 3657 1333 3727 talem

385 3784 547 3869 amioum,
573 3778 673 3848 talem
692 3776 881 3846 studiorum
898 3775 1019 3846 ducem
1040 3785 1074 3846 et
1092 3775 1336 3848 moderatorem

385 3901 575 3988 habuerim:
588 3896 763 3968 habuerim
781 3898 992 3968 vero—imo
1006 3897 1147 3968 habeam
1161 3907 1195 3967 at
1209 3897 1337 3968 utinam

388 4023 449 4094 diu
480 4021 542 4092 sim
573 4017 768 4090 habiturus!
808 4042 885 4088 nam
925 4043 1016 4090 nunc
1046 4019 1271 4090 cummaxime
1294 4016 1337 4086 ad
