3100 4942
700 576 773 649 145

261 796 358 860 situm
374 802 436 871 est.
456 793 548 880 quod
562 812 697 873 novum,
718 806 775 861 aut
792 814 866 861 cum
883 798 963 891 φιλεῖ
974 803 1238 893 coniungendam

186 963 189 970 .
260 901 353 988 quod
374 900 472 987 plane
493 900 536 965 ab
556 901 622 967 hoe
644 903 719 967 loco
740 905 880 969 alienum
901 918 960 971 est.
996 909 1082 975 Alibi
1103 912 1160 976 ista
1181 914 1237 978 ad·

258 1010 435 1074 ditamenta
449 1010 483 1074 in
500 1010 609 1074 locum
627 1012 781 1097 antiquae
797 1014 977 1100 scripturae
994 1038 1072 1082 casu
1090 1020 1237 1105 quodam

260 1118 337 1185 olim
356 1117 481 1183 deletae
499 1129 739 1193 successerunt,
764 1130 801 1183 ut
821 1121 857 1184 in
876 1122 994 1190 Avium
1013 1148 1057 1191 vs.
1076 1127 1144 1193 395
1159 1151 1234 1217 sqq.

351 1238 353 1245 '
502 1225 518 1291 ὁ
539 1224 718 1317 Κεραμεικὸς
740 1224 858 1307 δέξεται
879 1233 931 1319 uqi.

500 1332 630 1421 δημόσια
652 1337 713 1428 γὰρ
735 1342 782 1400 ἵνα
804 1344 942 1429 ταφῶμεν

500 1449 624 1535 φήσομεν
645 1444 715 1532 πρὸς
739 1441 805 1519 τοὺς
826 1446 992 1535 <pannon

501 1554 661 1645 μαχομένω
683 1556 742 1628 τοῖς
764 1552 935 1639 πολεμίοισιν

499 1661 667 1727 α’ποὲοινεῖν
689 1658 718 1725 ἐν
740 1660 885 1752 Ὀρνεαῖς.

253 1789 395 1857 quorum
422 1770 589 1843 ¹secundus
620 1770 789 1835 insanabili
826 1768 941 1835 morbo
974 1769 1118 1848 laborat,
1153 1792 1231 1837 nam

250 1879 379 1969 δημόσια
401 1888 545 1971 ταφῆναι,
568 1879 661 1966 quod
681 1886 820 1943 metrum
837 1880 996 1966 postulat,
1020 1901 1082 1966 pro
1099 1878 1230 1969 δημοσίᾳ

208 2056 209 2059 ,
251 1990 318 2053 dici
340 2010 406 2053 non
428 1997 545 2075 potest.
578 1984 795 2050 statuendum
815 1984 915 2069 igitur
932 1994 979 2047 est
996 1987 1127 2072 periisse
1141 1998 1230 2053 vete-

252 2119 321 2162 rem
339 2098 551 2183 scripturam,¹
566 2097 719 2161 lacunam
735 2093 853 2157 deinde
871 2101 1052 2179 utcumque
1069 2096 1231 2181 expletam

251 2226 317 2269 esse
350 2205 392 2269 ab
421 2225 479 2282 eo,
514 2203 573 2291 qui
602 2223 669 2267 non
698 2202 774 2266 satis
802 2200 911 2265 Attice
937 2200 1043 2263 sciret.
1089 2201 1230 2268 Omnino

251 2311 363 2399 aliqua
386 2291 554 2375 salamitas
569 2308 698 2374 videtur
719 2309 797 2371 olim
819 2307 906 2374 hane
925 2318 1052 2396 partem
1073 2310 1230 2397 pulcher-

249 2420 349 2484 rimae
366 2418 498 2484 lebulae
519 2420 677 2484 afflixisse.
712 2419 813 2483 lllulta
831 2429 905 2483 sunt
925 2419 960 2483 in
981 2419 1118 2497 vicinia,
1141 2443 1230 2508 quae

249 2527 418 2593 teterrimis
439 2526 543 2589 modis
569 2526 741 2613 inquinata
763 2535 856 2602 sunt,
882 2535 918 2589 ut
942 2546 1036 2589 rarae
1065 2548 1228 2615 superesse

248 2635 420 2701 videantur
443 2634 603 2720 genuinae
629 2634 777 2697 lectionis
802 2634 977 2719 reliquiae,
1002 2654 1086 2720 quas
1114 2648 1228 2723 postea

249 2741 457 2807 Grammatiei
476 2741 594 2805 sarcire
610 2751 642 2805 et
658 2743 810 2829 supplere
829 2742 938 2805 eonati
955 2753 1029 2806 sunt
1043 2762 1106 2809 nec
1123 2757 1227 2813 metro

249 2852 323 2915 satis
335 2850 538 2914 consulentes
548 2867 609 2911 nec
622 2850 759 2911 sermoni
770 2848 890 2913 Attico.
910 2849 1054 2914 Diximus
1069 2872 1169 2938 supra
1184 2854 1227 2918 de

247 2958 389 3025 versibus
400 2953 585 3025 tlt-420.
602 2954 674 3019 N'on
685 2955 790 3019 multo
799 2956 940 3021 saniores
951 2968 1025 3023 sunt
1034 2956 1224 3047 litassqq.

535 3063 576 3127 σά
598 3066 695 3131 ταῦτα
716 3066 818 3129 πάντα
840 3059 891 3127 καὶ
1087 3102 1091 3107 -

533 3172 567 3241 ,τό
590 3170 661 3257 τῇδε
683 3170 733 3238 καὶ
755 3170 789 3241 τὸ
808 3175 888 3239 κεῖσε
910 3172 960 3237 καὶ

533 3281 566 3347 τὸ
586 3280 674 3375 δεῦρο
696 3279 853 3373 προσββᾴ
874 3282 980 3370 λέγων.

247 3401 382 3482 apparet
403 3412 442 3455 ex
464 3388 589 3454 scholio
609 3390 758 3475 quamvis
777 3400 935 3476 corrupto
957 3388 1072 3454 dixisse
1088 3388 1223 3456 Poe‘tam

248 3504 282 3571 τό
306 3504 386 3569 κεῖσε
411 3496 462 3565 καὶ
484 3499 518 3565 τὸ
540 3495 628 3590 δεῦρο
650 3518 711 3584 pro
733 3498 866 3585 vulgata
888 3499 1069 3563 locutione:
1082 3495 1129 3563 ’τό
1148 3496 1222 3586 τῇδε

248 3609 298 3678 καὶ
324 3610 359 3678 τὸ
381 3610 459 3675 κεῖσε
466 3658 480 3695 ,
509 3627 597 3670 nune
621 3615 797 3691 utrumque
823 3602 895 3692 τῇδε
915 3613 946 3668 et
973 3602 1060 3695 δεῦρο
1087 3605 1222 3691 pessime

249 3718 434 3805 copulatur.
465 3711 619 3807 προσβιβᾴ
648 3720 694 3776 est
722 3711 791 3775 lere
811 3712 898 3778 idern
924 3714 1018 3802 quod
1039 3713 1139 3781 πείσει.
1162 3713 1222 3777 ita·

248 3848 315 3915 que
341 3825 448 3916 potuit
468 3822 626 3889 seribere:

490 3931 524 4001 τὸ
546 3933 623 3997 κεῖσε
645 3928 696 3997 καὶ
718 3928 752 3996 τὸ
774 3930 861 4023 δεῦρο
882 3929 933 3997 sai

489 4045 604 4118 πάντως
626 4064 659 4107 σε
681 4038 837 4133 προσβιβᾷ
858 4041 970 4131 λέγων,
