3100 4942
727 457 771 528 71

260 680 462 762 διδάσκοντα
798 691 918 782 κακῶν
947 674 1103 783 άσμάτων

360 805 587 903 σπουδάζοντα
599 807 676 911 apte
692 807 815 898 ἐκείνας
834 814 901 912 περὶ
921 806 1040 910 μέλους
1054 811 1225 915 ἁρμονίας.

257 958 344 1025 qnae
364 955 459 998 nemo
479 936 641 1010 restituet,
667 934 723 996 sed
742 933 841 996 satius
851 941 896 993 est
907 933 1011 996 multo
1028 935 1153 1021 aliquid
1175 955 1234 1000 nos

255 1047 378 1110 nescire
389 1063 489 1127 quam
501 1063 519 1105 a
531 1042 692 1105 Graeculo
704 1041 813 1125 decipi
825 1050 856 1103 et
871 1040 1000 1126 linguae
1013 1043 1156 1106 Graecae
1167 1045 1232 1106 sin·

260 1157 426 1218 ceritatem
447 1149 671 1214 contaminari.
703 1150 919 1212 Luculentum
936 1151 1119 1235 exemplum
1135 1153 1235 1216 licen·

258 1265 340 1337 tiae,
362 1279 464 1344 quam
485 1256 543 1320 sibi
556 1258 589 1320 in
601 1258 680 1320 locis
692 1257 808 1322 hiulcis
820 1267 875 1319 aut
894 1262 1056 1344 corruptis
1067 1261 1235 1324 sumebant

257 1369 425 1446 Graeculi,
447 1365 525 1430 mibi
543 1385 649 1450 nuper
665 1363 810 1426 oblatum
822 1365 909 1428 estin
920 1365 1030 1429 fabula
1047 1366 1229 1443 Rabriana‚

259 1499 345 1564 quae
366 1496 477 1540 recens
498 1493 536 1534 ex
559 1471 666 1534 Athoo
696 1470 812 1533 codice
842 1472 982 1556 prodiit,
1019 1474 1236 1562 (quamquam

258 1588 352 1649 istum
375 1582 491 1646 librum
514 1600 665 1663 magnam
686 1587 813 1666 partem
834 1598 852 1640 a
873 1580 1041 1643 monachis
1060 1604 1125 1646 esse
1143 1587 1236 1648 inter·

258 1698 407 1783 polutum
422 1703 452 1756 et
470 1711 637 1777 perpauca
654 1690 835 1764 continere,
860 1711 946 1774 quae
965 1691 1007 1752 ab
1024 1692 1096 1777 ipso
1108 1692 1235 1758 'Babrio

258 1805 406 1891 prolecta
433 1810 523 1874 sunt,
549 1799 628 1862 alias
647 1797 817 1860 ostendere
839 1799 1008 1882 conabor).
1044 1800 1142 1865 Po'e'ta
1165 1804 1235 1888 ipse

258 1915 429 1999 scripserat
451 1911 484 1973 in
507 1907 617 1971 labula
641 1907 695 1971 82.
720 1929 766 1970 vs.
788 1905 822 1970 8.

391 2021 506 2095 Χαίτην
527 2019 557 2085 δ’
579 2019 680 2108 ἔμελλε
703 2021 754 2089 τὴν
777 2017 850 2105 ἐμὴν
872 2021 1086 2107 καταισχύνειν.

257 2129 436 2194 monachus
455 2129 572 2212 aliquis
590 2128 624 2189 in
645 2135 769 2189 vetusto
789 2116 872 2187 libro
899 2127 1075 2211 longousu
1097 2140 1151 2192 aut
1173 2133 1235 2195 situ

151 2254 156 2262 ·
260 2239 378 2302 detrito
406 2238 524 2323 reperit
554 2234 1030 2304 ΧΑΙΤΗΝΔΕΜΕΛΛΕΤΗΝ
1049 2282 1234 2306 .......

265 2391 563 2411 ..........
590 2344 714 2430 reliqua
744 2345 916 2408 octrlorum
938 2345 1230 2412 aciem-fallebant.

257 2458 370 2540 itaque
389 2453 465 2516 inde
488 2451 740 2538 pulcherrimum
764 2451 985 2516 choliambum
1006 2457 1090 2518 eruit
1106 2467 1138 2519 et
1158 2479 1232 2544 sup·

260 2563 359 2650 plevit
382 2561 487 2624 hunc:

380 2673 474 2741 κακὴν
495 2667 530 2735 δὲ
552 2669 672 2757 μελέτην
693 2667 741 2734 ἐπ’
763 2668 815 2757 ἐμὲ·
837 2677 888 2745 τῆς
910 2669 980 2734 ὁδοῦ
1001 2671 1103 2764 τρίβει.

261 2780 349 2860 Quid
379 2779 609 2866 interpretibus
635 2779 783 2841 futurum
811 2779 937 2853 fuisset,
974 2781 1008 2842 ni
1038 2802 1113 2844 vera
1136 2781 1233 2846 lectio

259 2889 349 2972 apud
366 2888 499 2952 Suidam
512 2897 637 2951 servata
654 2885 846 2950 exstitisset?
871 2889 993 2952 Similia
1012 2900 1120 2956 tamen
1131 2895 1232 2956 multa

260 3017 364 3082 aeque
386 2998 519 3062 licenter
540 2997 735 3082 interpolata
757 3006 789 3060 et
811 3007 964 3082 corrupta
987 3020 1091 3083 quum
1113 3002 1147 3062 in
1166 3002 1235 3064 aliis

260 3107 368 3168 multis
394 3117 461 3169 tum
483 3105 619 3167 maxime
641 3103 674 3166 in
699 3102 842 3189 Tragicis
866 3104 971 3188 politis
1001 3107 1152 3190 expedire
1181 3110 1234 3171 ni-

262 3217 360 3280 timur
389 3225 419 3277 et
445 3214 640 3278 medicinam
669 3213 806 3276 facimus
831 3215 981 3290 mortuis,
1016 3214 1071 3277 ubi
1102 3217 1235 3280 fortasse

260 3343 322 3388 nec
347 3323 420 3386 vola
451 3342 512 3386 nec
539 3321 706 3406 vestigium
730 3332 874 3406 superest
905 3324 1060 3408 antiquae
1093 3326 1234 3411 scriptu·

261 3451 332 3505 rae,
368 3450 469 3514 quam
503 3451 581 3494 casu
613 3430 753 3494 deletam
797 3431 991 3494 recentiores
1030 3431 1164 3508 Graeci,
1200 3444 1237 3498 ut

265 3540 405 3624 quisque
448 3539 701 3602 commodissime
735 3548 881 3624 poterat,
917 3541 962 3604 ita
999 3542 1061 3604 suis
1100 3543 1235 3606 inventis

265 3657 295 3711 et
334 3647 559 3712 additamentis
603 3648 814 3712 audacissime
855 3650 1062 3713 restituerunt
1101 3653 1234 3715 scilicet.

260 3756 391 3820 Praeter
425 3777 478 3820 eos
508 3757 615 3831 locos,
652 3756 708 3820 uhi
739 3765 879 3822 vetustas
907 3757 1071 3842 quaedam
1102 3760 1232 3834 arrosit,

264 3885 350 3949 quae
379 3875 491 3949 postea
520 3863 690 3928 infeliciter
716 3875 801 3928 sarta
828 3873 918 3940 sunt,
951 3864 1004 3926 alii
1033 3874 1106 3926 sunt
1137 3887 1238 3949 quam

261 3970 393 4058 plurimi
411 3969 467 4035 ubi
486 3968 735 4036 describentium
755 3971 905 4040 socordia
920 3972 999 4036 alias
1010 3973 1235 4059 resagentium
