3100 4942
764 540 812 614 58

306 760 505 855 βορβορόπη.”
539 760 658 822 Actum
684 771 730 823 est
764 761 806 823 de
837 760 962 824 saniore
991 762 1223 847 grammatica,
1257 762 1282 825 si

307 874 366 936 ista
394 866 632 956 probabuntur.
672 867 759 948 Quin
783 869 879 930 etiam
908 868 994 931 istud
1019 867 1186 962 βορβορόπη
1214 891 1282 933 non

308 991 354 1045 est
376 977 552 1051 Graecum,
589 996 793 1060 quamquam
819 975 863 1037 itu
893 975 996 1039 visum
1019 988 1065 1040 est
1091 976 1279 1054 Eustathi0‚

307 1107 425 1175 parurn
450 1083 568 1148 idoneo
597 1083 697 1146 iudici
732 1105 807 1170 pag.
836 1082 919 1159 862,
956 1083 1000 1147 ta
1024 1095 1055 1147 et
1091 1085 1192 1162 1329,
1225 1087 1281 1151 33.

306 1197 363 1262 ubi
385 1195 522 1280 legitur:
558 1195 640 1281 ςόμα
664 1194 696 1259 τό
719 1197 809 1269 οὕτως
831 1194 980 1259 ἀποπτύον
1001 1195 1089 1258 ὄνθον
1111 1193 1226 1282 λεχθείη
1247 1196 1285 1262 ἂν

308 1304 358 1372 καὶ
382 1302 524 1396 βορβόρου
545 1301 601 1372 όπή
609 1355 623 1388 ,
654 1307 725 1394 ὅπερ
742 1303 823 1369 κατὰ
847 1301 978 1368 παλαιὰν
999 1303 1110 1396 ἱςορόαν
1131 1305 1284 1382 συνθεόςό

310 1414 517 1508 βαρύρλωσσος
538 1410 688 1489 Ἱππῶναξ
719 1409 905 1502 βορβορόιτην
926 1411 1027 1504 ὕβρισε
1056 1418 1183 1501 γυναῖκα
1204 1441 1281 1483 τινα.

306 1525 466 1612 Analogia
486 1523 598 1586 Graeci
619 1525 772 1586 sermonis
793 1525 885 1587 istam
908 1524 1044 1586 sormam
1067 1545 1107 1587 eo
1125 1546 1218 1589 sensu
1239 1547 1286 1590 re-

306 1637 394 1722 spuit
412 1645 443 1698 et
459 1629 663 1696 Eustathium
683 1641 718 1696 ut
732 1633 908 1695 sexcenties
930 1631 1008 1697 alibi
1028 1633 1130 1697 vitiosi
1153 1635 1285 1698 codices

307 1745 519 1829 deceperunt.
544 1738 695 1819 Quicum
709 1741 870 1826 Hesyehio
881 1765 911 1806 v.
924 1741 1122 1836 βορβορωπόν.
1140 1741 1283 1836 αἰσχρόν,

306 1851 438 1944 βορβόρῳ
459 1848 578 1942 ἐμφερές
586 1903 601 1937 ,
625 1852 768 1914 conseret
792 1849 926 1918 Suidam
946 1857 980 1919 in
1000 1857 1141 1944 μυσαχνὴ
1157 1865 1189 1918 ει
1210 1854 1281 1945 βορ-

308 1961 428 2052 βόροπιν
442 1960 634 2029 κῆπονιιωΗο
654 1962 785 2046 negotio
797 1963 942 2028 restituet
959 1964 1157 2051 Hipponacti
1169 1985 1281 2027 suum:

307 2067 494 2162 βορβορωπόν
517 2077 624 2145 κῆπον,
647 2089 715 2154 quo
737 2071 885 2134 convicio
903 2071 1002 2136 horno
1025 2093 1101 2136 acer
1122 2092 1283 2158 spurcam

308 2181 516 2242 meretricem
540 2176 769 2242 insectabatur.

348 2285 443 2372 Fugit
473 2284 537 2348 hoc
565 2285 781 2371 fragmentum
798 2282 1011 2370 'diligentiam
1039 2281 1285 2350 Schneidewini

309 2406 341 2459 et
360 2395 522 2459 Meinekii·
1194 2399 1196 2406 '

352 2528 387 2590 p.
415 2502 466 2566 10.
500 2501 570 2590 Qui
588 2501 683 2564 docte
705 2499 852 2564 scribere
878 2501 1036 2564 volebant
1058 2501 1281 2566 obsolelorum

309 2614 486 2680 verborum
505 2610 674 2674 cadavera
691 2607 908 2696 effodiebant)
933 2610 1034 2697 Legat
1051 2609 1129 2672 mihi
1146 2609 1284 2674 adhaec

309 2734 366 2786 ant
395 2722 516 2807 relegat
544 2718 661 2804 aliquis
688 2718 824 2781 Luciani
848 2717 1091 2804 Lexiphanem‚
1126 2740 1225 2804 quem
1248 2743 1282 2804 p.

309 2830 375 2896 342
406 2832 450 2893 ita
484 2829 647 2914 increpat:
684 2833 766 2904 tare
791 2827 862 2920 πρός
894 2826 1019 2915 ἐμαυτόν
1041 2827 1148 2894 ὁπόθεν
1170 2829 1209 2892 τό
1231 2853 1280 2894 το·

311 2945 410 3006 σαῡτα
425 2938 506 3005 κακὰ
520 2933 669 3014 συνελέξω
693 2934 743 3001 καὶ
766 2933 796 3000 ἐν
819 2936 916 3026 ὁπόσῳ
938 2939 1037 3029 χρόνῳ
1052 2936 1101 3003 καὶ
1131 2943 1202 3004 ὅπου
1227 2965 1283 3004 κα·

313 3053 469 3126 τακλείσοις
490 3050 566 3136 εἶχες
593 3048 685 3133 (Leg.
708 3046 796 3134 ἔχεις)
824 3052 960 3113 τοσοῦτον
982 3046 1067 3136 ἑσμόν
1089 3050 1208 3114 ἀτόπων
1237 3050 1287 3113 κοιλ
1369 3040 1372 3045 ’

313 3161 481 3253 διας-μόρων
502 3160 652 3244 ὀνομάτων
661 3206 676 3240 ,
691 3152 731 3220 ὦν
752 3155 792 3219 τὰ
817 3153 870 3242 μὲν
893 3156 980 3233 αὐτὸς
993 3154 1150 3243 ἐποίησας,
1173 3159 1220 3222 τοὶ
1245 3157 1288 3225 δὲ

315 3266 648 3360 κατορωρυγμένα
686 3261 808 3329 ποθὲν
842 3265 1027 3332 ἀνασπῶν
1057 3267 1137 3331 κατὰ
1165 3265 1287 3354 τόῖαμ-

314 3381 401 3469 βεῖον·

477 3485 580 3552 Ὀλοιο
603 3486 722 3555 θνητῶν
745 3481 871 3574 ἐκλέγων
893 3485 947 3559 τὰς
968 3490 1135 3577 συμφοράς.

358 3599 428 3662 lmo
441 3617 517 3660 vero
527 3597 577 3660 isti
594 3595 810 3685 ὀνοματοθῇροιι
823 3616 920 3681 saepe
936 3615 978 3660 ne
989 3595 1210 3682 intelligebant
1220 3598 1292 3684 qni·

314 3709 389 3774 dem
399 3717 520 3772 veteres
532 3705 685 3793 γλώσσας,
697 3707 818 3791 quibus
830 3728 920 3770 suam
931 3707 1110 3770 orationem
1123 3715 1289 3791 tamquam

315 3818 447 3906 gemmis
459 3816 653 3902 distinguere
664 3814 849 3878 studebant.
875 3814 1038 3878 Lucianus
1048 3837 1081 3900 p.
1095 3812 1170 3878 348.
1189 3812 1221 3879 τό
1234 3816 1289 3902 με’-

314 3951 395 4018 γιςον
411 3929 587 4019 ἁμαρτάνεις
608 3928 652 3989 ότι
676 3924 708 3990 οὐ
731 3926 869 4017 πρότερον
892 3925 947 3999 τὰς
963 3921 1090 4000 διανοίαις
1111 3929 1170 3991 τῶν
1184 3920 1293 4002 λέξεων

309 4037 636 4130 προπαρεσκευασμένος
666 4037 763 4102 ἔπειτα
794 4035 993 4121 κατακοσμεῖς
1016 4038 1074 4109 τοῖς
1105 4032 1213 4125 ῥήμασι
1242 4031 1292 4098 καὶ
