3100 4942
755 525 804 598 76

289 756 358 811 tum
380 747 508 820 τουτέςιν
530 744 560 808 αἶ
582 739 687 807 οὐσίαι.
724 742 762 805 In
785 743 804 826 ᾗ
825 742 904 806 113.-
928 743 1137 834 Kiesslingius
1163 770 1181 813 e
1206 772 1265 817 snc

290 855 405 917 codice
431 853 689 936 supplementum
713 849 835 924 attulit,
869 850 993 934 inquo
1019 853 1153 939 legitur:
1185 886 1264 954 περι.

292 994 429 1062 παυτικόν
456 1015 482 1054 τι
511 989 599 1077 μέλος
622 988 670 1053 καὶ
694 985 921 1061 καταςαλτικόν.
955 987 1082 1056 Codex:
1108 973 1287 1066 τετπαντικόν·

293 1108 313 1167 i.
335 1125 363 1164 e.
388 1105 571 1166 πεπαντικόν.
610 1098 646 1159 ln
672 1098 689 1180 ᾗ
710 1098 785 1163 247.
810 1102 873 1163 ἔνιοι
894 1097 930 1163 δέ
949 1098 995 1164 τὸν
1012 1101 1076 1192 περὶ
1094 1115 1145 1180 τῆς
1162 1109 1267 1196 σ’λόμου

292 1212 341 1278 καὶ
376 1221 426 1286 τῆς
462 1207 661 1299 ἀσυμμετρίας
681 1205 847 1283 -ἐξειπόντα
883 1213 966 1274 τοῦτο
1003 1215 1113 1278 παθεῖν
1149 1216 1262 1296 ἔλεξαν.

292 1328 372 1392 Cod.
397 1296 463 1392 οἰλῖἿ
485 1329 504 1386 i.
527 1347 555 1384 c.
578 1320 712 1406 ἀλογίας.
752 1321 851 1384 Multo
874 1325 1001 1408 turpius
1017 1337 1063 1388 est
1082 1332 1171 1413 quod
1193 1334 1267 1420 legi.

294 1449 346 1500 tur
376 1433 486 1522 §255
509 1431 613 1518 ἐπῆγεν
640 1434 732 1521 ἔτερος
762 1433 1001 1520 προσποιούμενος
1028 1435 1080 1524 μὲν
1100 1436 1267 1515 ἐξητακέναι

294 1549 332 1612 τὰ
355 1554 412 1611 τῶν
433 1542 644 1633 Πυθαγορείων
670 1541 824 1628 ἀπόρρητοι
834 1593 847 1625 ,
877 1544 1135 1634 περιπλακεὶς
1155 1546 1191 1613 δέ
1217 1550 1267 1616 καιΙ

292 1653 447 1748 μεμραρὼς
465 1649 496 1728 ἐξ
517 1649 556 1716 ὧν
573 1647 675 1737 odia?
699 1647 802 1722 αὐτοὺς
819 1650 925 1736 ἤμελλε
945 1651 1128 1740 διαβάλλειν.
1161 1659 1267 1740 Quam

244 1785 246 1790 ’
293 1769 331 1828 sit
363 1761 537 1826 absurdum
565 1757 651 1819 istnd
682 1755 867 1842 περιπλακείς
895 1760 993 1821 miron
1027 1783 1068 1824 ne
1095 1765 1268 1831 Kusterum

292 1901 427 1988 ¹quidem
448 1897 587 1958 sensisse.
624 1892 787 1976 Scriptum
810 1895 907 1956 estin
929 1894 1044 1958 codice
1066 1875 1171 1964 ῖέπλακ
1193 1923 1270 1966 cum

294 2006 488 2093 compendio
524 2001 665 2087 syllabae
697 2003 758 2085 ὡς,
796 2001 891 2086 igitur
924 2002 1080 2080 πεπλακώς
1111 2009 1268 2093 scriptum

295 2129 352 2182 est.
387 2114 451 2177 Sed
468 2114 625 2196 arripiunt
644 2110 764 2172 librarii
785 2120 920 2187 temere,
946 2112 1111 2197 quidquid
1128 2119 1269 2202 primum

295 2228 380 2292 venit
402 2227 434 2286 in
461 2229 619 2292 mentem,
646 2228 680 2279 ut
702 2219 736 2279 in
760 2217 779 2299 §
802 2216 869 2279 264
890 2240 993 2300 quum
1013 2219 1056 2280 ob
1075 2223 1189 2286 oculos
1210 2224 1269 2289 ha·

294 2365 423 2428 herent:
447 2356 583 2446 γενέσθαι
601 2351 670 2444 φασὶ
689 2353 798 2422 ταύτην
821 2354 874 2422 τὴν
895 2332 918 2415 i
941 2354 1021 2416 κατὰ
1043 2363 1125 2424 τοῦτο
1129 2412 1143 2445 ,
1166 2383 1269 2446 quum

295 2474 454 2537 nescirent
477 2465 631 2557 παροιμίαν
654 2469 694 2526 ita
719 2462 835 2538 scribi,
859 2463 926 2524 sine
942 2484 1032 2526 mora
1050 2468 1091 2530 de
1110 2489 1168 2531 suo
1189 2471 1270 2535 πολιν

296 2581 467 2645 dederunt.
497 2576 534 2637 ln
555 2578 573 2659 §
595 2573 648 2635 46.
672 2571 891 2659 ὑπολαμβάνειν
909 2573 1013 2649 αὐτοὺς
1029 2579 1081 2667 ἔφη
1098 2576 1159 2642 δεῖν
1176 2582 1269 2650 κοινὴν

297 2686 546 2781 παρακαταθήκην
566 2687 641 2770 ἔχειν
663 2705 714 2751 την
732 2683 866 2772 πατρίδα
887 2685 970 2775 παρὰ
995 2692 1045 2749 τοῦ
1063 2684 1195 2763 πλήθους
1212 2697 1270 2756 τῶν

298 2801 432 2869 παλτῶν.
459 2793 520 2858 δεῖν
544 2785 591 2856 οὖν
613 2793 719 2866 ταύτην
740 2789 858 2857 διοικεῖν
881 2795 971 2867 οὕτως
991 2794 1031 2868 ὡς
1060 2796 1192 2882 μέλλουσι
1216 2801 1269 2868 την

298 2913 378 2987 πίςιν
399 2901 599 2999 παραδόσιμον
628 2904 686 2976 τοῖς
709 2898 742 2978 ἐξ
767 2901 864 2966 αὑτῶν
888 2906 988 2968 ποιεῖν.
1031 2903 1134 2970 Grave
1158 2908 1271 2973 vitium

298 3067 375 3129 latet
401 3062 434 3122 in
457 3057 587 3119 ultimis.
621 3052 729 3118 Codex
759 3056 799 3130 ὡς
825 3015 916 3143 μέλλυ
939 3056 1031 3141 quod
1053 3077 1092 3119 ex
1112 3063 1271 3125 constanti

297 3193 356 3235 usu
380 3167 513 3253 ponitur
533 3164 567 3225 in
588 3163 781 3246 participiis,
809 3165 895 3227 unde
924 3175 1060 3250 apparet
1087 3187 1153 3230 non
1180 3171 1273 3234 aliter

298 3299 398 3365 qnam
426 3271 587 3362 μέλλουσαν
615 3271 735 3356 expleri
760 3293 865 3357 posse.
900 3273 983 3338 Vide
1013 3273 1095 3358 qnid
1121 3276 1156 3338 in
1186 3276 1272 3362 §50

298 3383 551 3472 designaverint:
576 3386 636 3454 ὥςε
664 3384 716 3451 τὴν
739 3387 828 3472 χάριν
853 3392 904 3458 τῆς
932 3383 1159 3459 ἀποδόσεως
1188 3386 1269 3480 εὐερ-

300 3496 399 3585 γεσίας
429 3496 578 3583 προσήκειν
602 3489 701 3565 αὐτοῖς
728 3494 780 3582 ἔφη
809 3490 928 3566 δικαίως
958 3492 1123 3581 οἰκονομεῖν.
1162 3492 1272 3573 Quum

200 3623 211 3632 '
301 3622 453 3709 expedire
474 3640 540 3682 non
562 3631 690 3704 possent
711 3620 826 3706 ἀποδο,
845 3630 963 3711 temere
984 3621 1211 3705 expleverunt:
1240 3632 1273 3684 at

300 3771 376 3818 vero
399 3751 488 3813 nulla
511 3761 557 3812 est
579 3752 669 3836 optio
689 3752 721 3814 in
740 3752 789 3814 his
812 3761 867 3813 aut
893 3751 1070 3814 dubitatio:
1095 3708 1193 3814 ἀποδῖ
1215 3750 1275 3813 hoe

301 3863 372 3926 loco
389 3873 435 3924 est
452 3857 661 3947 ἀποδοθείσης,
686 3864 776 3946 quod
795 3864 899 3925 solnm
917 3883 956 3924 ex
976 3858 1126 3923 omnibus
1147 3859 1271 3931 formis,

301 3991 387 4058 quae
410 3969 452 4034 ab
480 3971 593 4036 ἀποδοθ
619 3971 800 4056 incipiunt,
830 3972 907 4036 huie
929 3973 1002 4035 ioco
1032 3991 1072 4034 ac
1101 3969 1276 4034 sententiae
