3100 4942
743 585 791 656 77

284 809 451 879 convenit:
466 809 469 818 ’
482 808 565 874 alibi
587 805 679 870 aliter
705 811 834 892 poterat
862 804 1000 890 expleri,
1026 812 1058 866 at
1080 826 1260 891 numquam

282 923 444 990 vocabula
466 922 510 984 ita
532 921 744 982 decurtantur
767 925 803 976 ut
825 915 950 999 duplici
974 914 1071 976 modo
1090 923 1179 979 recle
1202 937 1258 979 ex·

281 1034 363 1119 pleri
385 1030 516 1115 possint.
555 1026 673 1089 Verum
694 1023 772 1086 nibil
789 1020 1040 1106 intelligentibus
1057 1024 1163 1085 omnia
1183 1033 1257 1086 sunt

283 1140 420 1228 periculi
449 1139 556 1222 plena.
605 1132 706 1204 Paulo
738 1142 811 1192 ante
844 1130 877 1190 iu
909 1132 1034 1214 optimo
1060 1130 1142 1192 libro
1168 1141 1257 1195 recle

283 1251 439 1334 scriptum
462 1255 527 1309 est:
551 1245 627 1308 εἶπεν
635 1295 648 1327 ,
671 1246 715 1306 ὅτι
734 1263 785 1308 mv
804 1237 884 1302 πολιν
903 1237 1000 1302 αὐτῶν
1018 1239 1164 1304 οἰκεῖσθαι
1181 1264 1257 1326 συμ-

286 1356 431 1444 βέβηκεν,
453 1355 492 1429 ὡς
518 1355 670 1441 λέγουσιν,
696 1347 874 1442 Ἡρακλέους
895 1353 943 1412 ὅτε
962 1349 1016 1422 τὰς
1039 1345 1108 1430 βοῦς
1132 1345 1192 1412 διὰ·
1208 1357 1258 1425 τῆς

286 1468 413 1542 Ἰταλίας
433 1466 554 1536 ἤλαυνεν
579 1461 784 1530 irridendae
806 1461 857 1548 μὲν
884 1458 1089 1543 α’(λικηθέντος,
1114 1461 1259 1551 Κρότωνα

288 1577 323 1644 δὲ
347 1577 514 1663 βοηθοῦντα
536 1583 585 1646 τῆς
607 1571 707 1645 νυκτὸς
720 1567 824 1659 ’παρὰ
855 1571 906 1637 τὴν
930 1572 1049 1654 ἄγνοιαν
1069 1603 1115 1615 -
1132 1565 1259 1659 διαφθεί-

286 1709 389 1779 ραντος
417 1682 480 1748 κτὲ.
517 1680 676 1744 Credasne
700 1677 742 1740 ad
767 1677 855 1738 hunc
878 1673 963 1736 diem
994 1675 1063 1737 edi:
1089 1675 1259 1767 Ἡρακλέα,

284 1817 402 1882 nempe
418 1788 647 1886 compendium
668 1783 811 1869 syllabae
827 1806 875 1856 ους
882 1833 896 1866 ,
917 1781 1009 1864 quod
1021 1792 1135 1864 parum
1155 1783 1261 1846 diflert

287 1925 306 1968 a
324 1903 431 1990 figura
452 1901 562 1962 literae
583 1921 603 1958 α
624 1892 878 1978 suprascriptam
906 1887 984 1950 nihil
1006 1888 1112 1953 differt
1137 1892 1259 1957 Graece

286 2008 512 2075 nescientibus.
532 2003 590 2090 (cl.
603 2003 689 2066 Best.
712 1995 835 2061 Comm.
850 1995 1016 2081 Palaeogr.
1037 2021 1072 2081 p.
1085 2001 1175 2085 777.)
1202 2001 1260 2064 130.

284 2142 357 2184 rum
376 2117 501 2181 inscitia
518 2135 584 2198 quo
604 2131 706 2194 usque
728 2107 826 2192 possit
842 2105 992 2190 progredi
1009 2107 1148 2170 ostendit
1168 2109 1261 2192 qtiod

286 2229 403 2315 legitur
423 2228 456 2288 in
479 2223 503 2310 β
518 2219 571 2286 70.
588 2255 632 2267 -
645 2216 745 2309 ,φιλίαν
761 2251 803 2262 -
818 2215 989 2305 ἀνθρώπων
1004 2212 1074 2303 πρὸς
1095 2213 1258 2302 ἀλλήλους,

288 2335 412 2402 πολιτῶν
442 2329 494 2418 μὲν
519 2327 572 2392 διὰ
593 2327 778 2412 νομιμότητος
803 2319 918 2407 ὑγιοῦς,
950 2320 1123 2413 ἑτεροφύλων
1144 2322 1179 2389 δὲ
1204 2325 1258 2390 διὰ

287 2444 470 2538 φυσιολογίας
491 2436 587 2528 ὀρθῆς.
624 2435 790 2518 Scriptum
814 2439 859 2559 coest
880 2429 914 2489 iu
937 2428 1117 2517 archetypo
1144 2434 1259 2498 codice

811 2564 858 2604 v.
1104 2563 1106 2567 .

285 2637 417 2702 solemni
445 2632 640 2719 compendio
662 2606 818 2715 dravoptpi
877 2625 964 2688 unde
999 2627 1122 2714 primus
1155 2627 1259 2690 editor

286 2746 435 2832 imperite
456 2741 546 2805 dedit
567 2736 772 2824 διανομίμττο,
798 2752 858 2817 pro
880 2752 949 2815 quo
967 2733 1080 2796 suadet
1104 2744 1137 2796 ut
1161 2729 1258 2802 διανε-

285 2857 384 2942 νόμετο
403 2848 544 2937 legatur!
577 2847 711 2930 Librarii
732 2841 847 2906 Graeci
870 2840 1006 2904 aliorum
1025 2842 1177 2906 codicum
1199 2868 1258 2931 pro

286 2985 343 3027 sua
367 2957 524 3046 sapientia
554 2955 699 3040 legerunt
725 2949 968 3042 draueprpo'rare.
1003 2948 1145 3014 Tandem
1173 2952 1258 3018 Kus-

284 3082 371 3135 terus
393 3089 431 3131 ex
456 3065 471 3151 l
491 3061 557 3126 229
575 3060 777 3128 emendatam
797 3059 1133 3128 lectionemrestituit.
1166 3061 1259 3126 Locis

286 3188 395 3242 autem
425 3195 463 3238 ex
493 3173 555 3234 hae
577 3169 701 3232 inscitia
728 3166 1019 3253 corruptisflvideas
1044 3170 1161 3232 multos
1191 3173 1258 3234 sine

284 3284 465 3372 suspicione
494 3282 539 3344 sie
567 3280 629 3353 uti,
656 3288 691 3341 ut
714 3297 800 3362 quae
822 3286 908 3338 certa
937 3277 999 3338 sint
1027 3275 1202 3362 infringant
1226 3290 1258 3343 et

285 3404 400 3457 contra
431 3392 526 3454 etiam
552 3409 590 3452 ac
616 3388 745 3472 liuguae
767 3387 849 3447 ratio
876 3395 907 3446 et
938 3394 1087 3446 constans
1115 3387 1257 3472 reliquo-

285 3523 356 3570 rum
389 3521 464 3563 usus
496 3497 661 3585 postulant
694 3493 866 3556 interdum
893 3515 915 3553 a
946 3482 1148 3578 qmbusdam
1180 3497 1257 3579 poni

286 3612 436 3676 doceant.
473 3605 545 3668 Non
568 3603 662 3664 mirer
683 3603 835 3686 equidem
859 3602 881 3662 si
905 3621 942 3662 ex
966 3598 1145 3662 lamblicbo
1172 3624 1257 3686 quo-

284 3741 349 3806 que
372 3714 540 3780 ostendere
567 3712 641 3774 velit
662 3711 777 3796 aliquis
798 3711 931 3772 sormam
954 3710 1002 3774 τὸν
1028 3707 1164 3777 Ἀπολλω
1189 3733 1256 3776 non

284 3827 397 3892 Atticis
424 3846 488 3888 esse
516 3821 681 3908 propriam
703 3821 805 3904 idque
827 3821 860 3882 in
887 3821 982 3881 certis
1012 3819 1175 3895 formulis,
1199 3822 1255 3884 sed

283 3935 419 4000 eandem
439 3933 534 3995 etiam
547 3930 621 3992 aliis·
636 3929 809 4013 placuisse,
832 3928 927 3991 iubis
951 3929 1146 4002 Iamblicho,
1166 3929 1255 4014 apud

280 4067 380 4132 quem
404 4039 585 4130 saepissime
607 4047 776 4115 occurrat,
803 4037 900 4100 veluti
929 4037 964 4098 in
994 4037 1013 4120 §
1037 4037 1099 4114 52,
1122 4035 1176 4098 53.
1207 4035 1254 4108 riv
