3100 4942
728 565 802 640 159

281 795 424 850 terarum
442 785 553 849 studiis
575 786 633 849 toti
652 784 738 861 estis,
760 803 803 847 ne
822 782 919 847 facite
937 792 995 849 aut
1016 782 1072 848 diu
1093 783 1143 848 his
1163 785 1254 850 frau-

279 895 374 961 dibus
392 917 431 959 ac
451 896 585 959 fallaciis
605 892 823 978 decipiamini.
861 892 1031 979 Quidquid
1051 895 1177 980 scripsi,
1196 915 1254 959 vo·

277 1005 327 1070 bis
348 1019 421 1070 ante
440 1007 547 1069 omnia
566 1004 689 1090 scripsi.
735 1002 831 1066 Nunc
852 1004 916 1065 iam
934 1005 1068 1090 incipite
1091 1026 1176 1089 quae
1196 1026 1252 1069 ve·

275 1136 330 1191 ra,
355 1135 441 1201 quae
467 1125 571 1189 certa,
596 1132 682 1198 quae
703 1110 844 1196 pulchra
865 1114 926 1177 sint
948 1113 991 1177 ab
1014 1114 1083 1177 aliis
1104 1114 1253 1178 omnibus

276 1230 365 1308 recte
392 1221 567 1307 cogitando
590 1240 628 1283 ae
655 1228 805 1281 naturam
827 1218 944 1283 ducem
966 1231 997 1284 et
1019 1242 1129 1285 sanam
1152 1222 1252 1285 ratio·

279 1349 353 1393 nem
375 1327 542 1414 sequendo
568 1327 779 1413 distingueret
801 1326 976 1413 ingenitam
994 1330 1126 1416 singulis
1146 1329 1252 1393 homi·

278 1436 373 1501 nibus
388 1457 497 1499 sanam
513 1444 652 1498 ruentem
668 1444 699 1497 et
715 1434 883 1499 iudicandi
901 1436 1088 1503 facultatem
1104 1436 1251 1500 doctrina

281 1545 505 1609 corroborate=
539 1564 650 1606 eorum
681 1542 860 1619 levitatem,
899 1547 958 1631 qui
990 1568 1076 1632 quae
1106 1547 1159 1612 rix
1192 1568 1253 1632 gu·

280 1654 433 1717 stareriut
462 1652 503 1714 de
531 1651 568 1713 iis
596 1650 703 1713 statim
733 1650 832 1715 libros
854 1652 992 1717 scribere
1021 1653 1254 1741 aggrediuntur

278 1761 325 1824 sic
353 1761 567 1836 contemnite,
603 1769 638 1821 ut
665 1760 726 1843 ipsi
756 1760 814 1823 diu
844 1762 1049 1846 multumque
1078 1763 1111 1825 in
1142 1760 1254 1823 iisdem

279 1890 405 1956 semper
432 1869 529 1933 rebus
557 1888 596 1931 ac
625 1867 736 1931 studiis
761 1870 875 1932 versati
907 1870 1038 1934 tandem
1066 1869 1164 1955 longo
1193 1889 1253 1931 usu

282 1989 369 2043 certa
392 1990 424 2043 et
445 1979 485 2044 rat
513 1978 592 2045 αὐτὰ
615 1976 662 2042 aiei
688 1976 751 2070 περὶ
774 1985 833 2043 τῶν
853 1978 950 2044 αὐτῶν
972 1978 1154 2065 proferatis.
1198 1976 1252 2040 sio

282 2089 411 2153 demum
431 2098 566 2175 prosunt
582 2088 721 2163 Literna,
742 2108 804 2152 nee
824 2098 950 2153 tantum
971 2086 1162 2173 aequalibus
1178 2107 1253 2151 vera

281 2197 337 2261 sed
359 2197 509 2262 omnibus
529 2194 652 2280 ubique
680 2193 738 2280 qui
760 2214 869 2259 veram
895 2195 1128 2260 humanitatem
1149 2215 1253 2282 quae·

279 2314 355 2371 runt
381 2305 499 2371 cecinit
522 2301 708 2387 Euripides:

502 2416 564 2487 ὅςις
586 2409 644 2485 νέος
666 2408 706 2473 ὼν
727 2409 856 2475 Μουσῶν
876 2410 983 2497 cisseh?

503 2524 552 2589 τόν
575 2543 606 2585 τε
629 2518 804 2611 παρελθόντ’
828 2518 966 2585 ἀπόλωλε
988 2523 1089 2612 χρόιον

567 2628 617 2695 καὶ
641 2629 688 2695 τὸν
709 2628 851 2717 pettam
874 2630 1023 2701 τέθνηκεν.
