3100 4942
768 588 842 663 150

343 811 438 877 nimis
455 810 516 873 diu
533 810 680 897 neglecta
701 830 808 897 nuper
830 804 980 873 Bekircro
1000 809 1035 872 in
1055 807 1198 871 Homero
1217 808 1318 873 eden·

343 920 388 983 do
416 919 580 1006 egregium
604 939 697 983 usum
725 918 973 1006 praestitorum,
1005 926 1038 979 at
1063 916 1202 981 multum
1228 916 1318 981 abest

343 1038 381 1091 ut
402 1029 509 1093 omnia
532 1030 723 1095 exhauserit.
738 1084 741 1091 .
757 1029 852 1093 Iuvat
872 1047 963 1092 nunc
983 1026 1120 1091 formam
1143 1024 1318 1089 barbaram

344 1156 383 1201 ex
402 1136 542 1202 Homero
564 1140 721 1216 eximere,
745 1156 832 1224 quae
852 1135 963 1200 adhuc
981 1133 1200 1201 commaculat
1218 1132 1318 1219 Odys

341 1264 429 1311 seam
450 1247 490 1312 Γ.
514 1246 590 1313 299.

602 1356 684 1449 ἀτὰρ
707 1355 761 1430 τὰς
784 1354 867 1420 πέντε
888 1354 952 1427 νέας
973 1350 1216 1442 κναννπρωρώῡς

440 1463 582 1558 Αἰγύπτῳ
604 1465 747 1533 ἐπέλασσε
768 1468 862 1559 ρέρων
874 1464 983 1550 ’ἄνεμός
1003 1486 1041 1528 τε
1057 1458 1107 1527 καὶ
1128 1457 1235 1550 ὕδωρκ

342 1570 581 1669 Κνανοπρώρειος
603 1578 692 1641 enim
715 1594 820 1661 aeque
841 1571 1017 1637 barbarum
1042 1580 1089 1634 est
1111 1578 1211 1655 atque
1237 1565 1314 1639 πλη-

273 1725 275 1729 -
336 1686 528 1775 otoxoiperoe,
550 1684 742 1776 πολνώρειος,
764 1682 946 1754 &audoene
968 1689 1001 1743 ct
1022 1678 1148 1743 similia.
1189 1677 1318 1743 Bonum
1420 1676 1425 1689 “

339 1790 465 1855 factum
496 1791 588 1878 quod
615 1788 818 1855 Herodianus
831 1809 953 1856 ¹reram
985 1787 1157 1851 lectionem
1180 1783 1317 1849 serravit

338 1897 374 1961 in
395 1898 674 1985 Etymol..Haguo
697 1918 728 1961 v.
745 1903 859 1989 vrrptg'tpot
867 1948 881 1981 ,
910 1893 963 1961 σὺν
984 1901 1028 1984 τῷ
1046 1920 1059 1958 a
1077 1928 1121 1941 -·
1144 1891 1247 1964 ἐπειδὴ
1267 1895 1314 1959 εὖ·

339 2028 427 2095 purat
451 2004 532 2071 κατὰ
566 2002 729 2091 droit-eoru,
762 2004 803 2080 ὡς
832 2004 917 2095 παρὰ
949 2008 992 2094 τῷ
1025 2008 1144 2088 ποιητῇ·
1182 2023 1316 2067 κυανο-

337 2114 548 2207 πρωΐρους.
584 2112 633 2179 καὶ
664 2117 748 2206 παρὰ
779 2112 940 2204 Σιμωνίδῃ·
972 2111 1197 2206 κνανοπρωΐραν
1225 2110 1314 2195 (fort.

336 2223 588 2317 κνανοπρωῖρᾶν).
609 2222 685 2289 -ὁ
705 2221 741 2290 δὲ
762 2221 944 2314 Ἡρωδιανὸς
961 2219 1016 2288 διὰ
1038 2229 1091 2296 τῆς
1110 2243 1134 2285 ει
1153 2218 1315 2311 διφὲόγγον

341 2337 401 2425 ypsi
422 2358 458 2397 ει.
476 2331 580 2399 „Nihil
602 2331 724 2395 verius:
748 2352 816 2393 non
839 2339 886 2394 est
907 2330 971 2393 alia
992 2330 1098 2393 forma
1127 2328 1258 2394 Graccis
1281 2331 1316 2394 in

334 2461 399 2505 usu
422 2451 550 2528 practer
571 2448 674 2533 πρῷρα
699 2450 730 2505 et
753 2441 933 2526 composita
952 2440 986 2506 in
1004 2476 1049 2489 --
1063 2464 1198 2534 πρῳρος,
1220 2450 1256 2505 ut
1281 2440 1317 2505 in

334 2552 502 2617 notissimo
520 2551 771 2636 'Empedoclem
807 2551 968 2645 ἀνδρογενῆ
1001 2549 1162 2643 βούπρῳρα
1193 2549 1317 2641 βουγενῆ

340 2660 546 2752 ἀνδρόπρῳρα.
573 2661 637 2726 hoc
660 2659 780 2724 librarii
797 2661 913 2727 Graeci
935 2663 1037 2749 panio
1057 2662 1252 2725 recentiores
1273 2661 1316 2725 ad

341 2790 443 2835 unum
476 2781 587 2834 omnes
616 2767 780 2842 nesciunt,
815 2767 936 2851 quibus
967 2769 1108 2833 solemne
1133 2779 1180 2833 cst
1210 2774 1314 2863 πρώρα

336 2876 493 2947 scrihere:
518 2876 718 2961 antiquiores
735 2882 852 2967 πρώιρα
866 2886 899 2941 et
912 2877 1225 2972 καλλίπρωιρος-νεοιε
1239 2881 1316 2945 scri·

341 2984 436 3049 bunt.
466 2984 606 3047 Homero
627 3004 763 3069 quoque
782 2986 985 3051 reddendum
1002 2988 1129 3073 saepius
1149 2996 1316 3054 estauaio-

340 3096 467 3187 πρῷροιο
485 3093 557 3178 (nisi
578 3092 645 3155 illic
664 3112 800 3176 quoque
818 3093 896 3157 oiim
912 3095 1139 3188 κνανοπρωείρον
1158 3096 1219 3159 icit
1236 3096 1317 3159 scri·

342 3205 453 3290 ptum)
483 3204 518 3268 in
548 3202 711 3287 frequenti
742 3201 965 3296 ἀκροτελεντάρ·
998 3204 1058 3281 νεὸς
1087 3207 1313 3295 κυανοπρώροιο.

344 3312 426 3380 Item
450 3310 563 3397 Odyss.
585 3310 626 3374 Μ.
648 3309 725 3376 230.
755 3314 794 3389 εἰς
816 3310 847 3379 δ’
874 3314 951 3406 ἴκρια
972 3316 1036 3391 νηὸς
1061 3314 1173 3402 ἔβαινον
1191 3318 1318 3407 Πρώρης

346 3420 574 3507 corrigendum
589 3422 721 3512 πρῴρης.
757 3422 803 3485 He
820 3423 951 3489 Homeri
966 3424 1158 3492 lectionibus
1175 3424 1319 3509 antiquis

335 3531 464 3616 ,partim
486 3550 503 3593 e
526 3529 749 3595 Grammaticis
772 3533 892 3617 partim
912 3554 931 3597 e
953 3535 1044 3599 novis
1071 3531 1242 3599 ecdicium
1256 3532 1318 3597 illi

345 3637 518 3715 reddendis
534 3638 614 3704 olias
632 3638 674 3703 de
687 3638 845 3705 industria
861 3639 968 3729 again
999 3641 1130 3707 Redibo
1148 3640 1192 3705 ad
1202 3640 1320 3706 Lucia·

293 3818 299 3831 Ι
345 3766 425 3833 num
446 3754 483 3809 ut
505 3766 545 3809 ex
566 3766 606 3809 co
627 3748 797 3814 ostendam
817 3770 901 3835 quas
918 3750 1022 3815 varies
1041 3750 1196 3815 lectiones
1215 3748 1319 3812 multo

347 3851 462 3917 melius
473 3851 568 3915 obiici
580 3872 727 3919 censeam
746 3876 847 3941 quam
863 3876 981 3943 magna
991 3857 1158 3945 diligentia
1171 3854 1321 3941 conquiri

347 3971 380 4025 et
407 3960 583 4043 lectoribus
614 3966 763 4051 apponi.»
793 3967 833 4031 ln
861 3967 994 4033 Somnio
1022 3970 1088 4035 sive
1117 3968 1212 4033 Gallo
1239 3967 1322 4031 haec

340 4081 474 4157 *prostat
493 4072 593 4138 futilis
617 4084 649 4137 et
676 4074 797 4141 inutilis
818 4077 965 4145 lectionis
984 4078 1211 4167 discrepantia.
1236 4076 1268 4163 §-
1290 4076 1321 4139 Ι.
