3100 4942
765 549 882 649 ον’

351 805 518 893 Μίμνερμος
542 796 578 862 δὲ
603 795 650 861 τὸν
679 793 751 865 idria
760 849 772 882 ,
800 793 830 868 ὃς
851 798 947 887 εὕρετο
972 795 1079 861 πολλὸν
1100 794 1235 874 α’νατλοίς

396 909 466 998 ἦχον
496 906 544 971 καὶ
565 906 699 993 μαλακοῦ
725 905 826 992 πνεῦμ’
852 905 914 970 οίπὸ
937 907 1143 997 πενταμέτρου.

353 1019 474 1082 Formis
492 1014 583 1106 εὑρεῖν
601 1023 631 1075 et
651 1012 810 1104 εὑρέσθαι,
830 1033 915 1096 quae
934 1013 1011 1074 dum
1025 1015 1159 1076 vivebat
1170 1013 1281 1098 lingua

309 1129 432 1193 Graeca
450 1125 626 1210 plurimum
643 1120 878 1205 significatione
896 1118 1140 1203 discrepabunt,
1162 1124 1284 1205 promi·

310 1256 386 1299 seue
408 1234 507 1297 utitur
526 1231 762 1293 Hermesianax.
796 1225 931 1289 Pessime
953 1227 1089 1289 dicitur:
1113 1230 1281 1322 Μίμνερμος

312 1351 407 1440 εὕρετο
443 1346 489 1410 τὸν
524 1347 719 1431 πεντάμετρον
755 1340 853 1424 ςίχον.
903 1335 996 1399 Peius
1024 1339 1120 1399 etiam
1150 1360 1194 1401 vs.
1230 1338 1284 1404 67.

400 1456 488 1520 εἰσόκε
515 1474 556 1514 τοι
583 1446 695 1535 δαίμων
704 1501 717 1534 ,
743 1443 888 1538 Εὑριπίὺιι
897 1498 910 1530 ,
933 1445 1025 1536 εὕρετ’
1051 1446 1184 1536 ὄλεθρον.

314 1565 407 1650 quod
433 1557 608 1624 absurdum
636 1566 691 1617 est.
744 1553 912 1616 Praeterea
938 1553 1027 1617 εἰσόκε
1049 1556 1185 1638 requirit
1207 1575 1289 1618 con·

314 1674 511 1744 iunoniam,
536 1663 627 1750 quod
653 1662 766 1725 Graeci
790 1658 875 1724 illius
889 1664 1004 1759 ‘aetatis
1016 1663 1165 1748 plerique
1180 1684 1292 1728 omnes

314 1779 519 1866 ignorabant·
556 1769 693 1862 εὑρέσθαι
722 1769 859 1831 recurrit
886 1789 930 1830 vs.
963 1767 1021 1845 87,
1054 1771 1110 1833 ubi
1134 1770 1291 1835 habemus

314 1886 530 1970 Pythagoram
553 1880 657 1966 κομψὰ
679 1878 851 1966 γεωμετρίης
870 1875 1017 1966 εὑρόμενον
1035 1889 1067 1941 et
1087 1901 1131 1942 vs.
1150 1879 1212 1958 93,
1234 1884 1291 1946 ubi

318 1993 467 2054 Socrates
488 1988 654 2072 Aspasiam
680 1985 828 2070 deperire
849 1997 1016 2064 narratur,
1038 1986 1109 2053 οὐδέ
1126 2016 1154 2056 τι
1179 1993 1292 2084 τέκμαρ

320 2094 397 2190 Εὑρε
427 2100 504 2188 λάρῳ
533 2095 643 2167 πολλοῖς
676 2091 825 2182 εὑρόμενος
859 2091 982 2168 διόδους.
1033 2097 1155 2161 Deinde
1187 2101 1292 2170 πολλὸν

321 2209 456 2280 α’νατλοίς
478 2213 614 2289 apparet
639 2199 671 2264 εἰι
694 2209 751 2266 τῶν
776 2206 1022 2293 συμφραζομένων
1040 2206 1222 2291 significare
1241 2212 1293 2274 de·

319 2317 396 2380 bere
416 2315 520 2376 ιιιιιίίο
545 2311 658 2372 labore
681 2329 721 2369 σε
742 2308 874 2383 stadio,
901 2311 993 2393 quod
1013 2331 1080 2373 non
1099 2313 1225 2379 licuisse
1247 2321 1292 2382 ita

321 2425 386 2488 diei
409 2423 504 2506 facile
527 2420 664 2480 vineam.
706 2417 751 2478 Ex
774 2417 907 2501 reliquis
930 2439 1025 2481 nemo
1051 2441 1084 2482 se
1112 2424 1293 2488 extricabit.

322 2537 436 2616 πνεῦμα
459 2528 491 2592 τὸ
515 2529 710 2616 πενταμέτρου
733 2524 860 2610 legebat
883 2526 1074 2611 Lennepius.
1110 2528 1197 2609 Quid
1219 2553 1294 2615 pro·

321 2641 413 2702 dest?
449 2635 616 2698 Praeterea
643 2632 716 2696 vide
745 2653 846 2716 quarn
877 2632 1026 2696 scabrosa
1054 2637 1093 2698 sit
1125 2637 1296 2704 verborum

324 2743 531 2828 compositio,
569 2762 668 2825 quam
699 2739 782 2801 dura
812 2741 959 2803 traiectio
992 2743 1025 2805 in
1054 2745 1159 2828 primo
1184 2767 1293 2825 versu,

324 2868 360 2920 ut
383 2857 535 2917 nitentem
560 2860 590 2911 et
613 2849 817 2911 anhelantem
844 2849 953 2913 videre
982 2851 1130 2926 videaris,
1160 2857 1218 2937 qui
1248 2857 1295 2918 la-

324 2965 468 3028 boriosos
498 2961 605 3044 elegos
633 2979 700 3019 non
728 2959 832 3033 canit,
869 2959 925 3020 sed
953 2961 1045 3022 struit
1073 2971 1103 3022 et
1133 2965 1299 3046 componit

328 3072 431 3140 πολλὸν
453 3065 599 3140 αἶνατλοίς.
639 3065 711 3126 Alia
732 3085 838 3148 pauca
859 3067 1031 3129 ostendisse
1051 3069 1206 3133 sufficiet:
1231 3071 1295 3164 ἐρο-

299 3175 301 3180 ’
329 3183 419 3270 μιλεῖν
440 3183 503 3242 τινοί
528 3193 587 3260 pro
610 3175 745 3269 μνοῖσθαι
770 3193 814 3235 rs.
838 3173 876 3234 51
905 3195 944 3235 ex
967 3175 1091 3259 vulgari
1114 3181 1299 3261 aequalium

332 3307 476 3354 sermone
499 3282 625 3347 videtur
651 3281 803 3341 sumsisse.
833 3280 917 3369 φοίτα
942 3278 1044 3346 λείπων
1065 3283 1167 3369 Σάμον
1189 3305 1234 3348 vs.
1259 3289 1304 3350 53

332 3408 363 3461 et
392 3393 523 3460 Κολωνὸν
545 3389 669 3454 λείποοσ’
694 3386 763 3474 fider
786 3406 830 3452 vs.
854 3388 898 3449 58
915 3389 1019 3452 minus
1038 3389 1120 3453 bene
1142 3393 1222 3455 dixit
1241 3416 1303 3481 pro

335 3508 425 3573 λιπών
448 3514 478 3564 et
498 3502 621 3568 λιποῦσα
640 3509 675 3561 ut
699 3501 801 3562 solent
825 3508 945 3561 veteres
965 3510 996 3562 et
1013 3503 1156 3586 postulat
1181 3503 1225 3564 rei
1245 3525 1303 3567 na·

337 3626 426 3688 tura,
443 3628 584 3690 namque
603 3603 656 3692 ᾖδε
677 3606 810 3670 Κολωνὸν
829 3606 934 3670 λείπων
953 3607 1113 3690 significat
1132 3629 1207 3670 eum
1225 3631 1303 3673 ean·

337 3733 436 3794 tasse,
462 3735 565 3800 quum
588 3733 620 3772 se
639 3713 730 3775 daret
746 3715 781 3776 in
804 3715 899 3776 riam.
936 3714 1105 3796 Euripides
1127 3735 1174 3778 vs.
1198 3713 1243 3778 62
1263 3716 1329 3779 di-·

341 3829 425 3891 citur
459 3826 539 3911 μῖσος
567 3823 698 3886 κτᾶσθαι
725 3826 827 3894 παίσας
855 3820 931 3912 α’μρί
961 3826 1123 3909 γυναῖκας,
1159 3835 1191 3887 at
1224 3828 1308 3910 μῖσος

144 3967 152 3991 ι
253 4005 255 4007 ,
341 3937 474 4003 κτᾶσθαι
500 3942 545 3995 est
570 3933 721 4019 μισεῖσθαι
742 3953 810 3994 non
837 3933 929 4019 μισεῖν
952 3932 1044 4017 quod
1071 3934 1225 3995 sententia
1250 3947 1310 4018 po·

342 4045 448 4110 stulat.
483 4043 629 4108 Eundem
648 4045 736 4108 carsit
758 4065 803 4108 vs.
825 4044 870 4108 63
888 4067 938 4131 sq.
959 4053 1147 4110 noeturnae
1168 4057 1240 4109 ὀισπ
1260 4043 1313 4106 de-
