3100 4942
777 516 826 589 88

292 739 418 829 χεδήμῳ
439 744 483 827 τῷ
508 734 643 822 γλάμωνι
664 766 708 781 --
726 732 843 800 πολλῶν
864 733 995 823 ὁρώντων
1016 736 1057 798 ἔτι
1078 733 1130 823 μὲν
1150 733 1206 801 ὑπὸ
1225 744 1269 828 τῷ

297 848 440 935 αὐτόματι
460 842 675 929 κατακείμενος.
711 840 750 905 In
769 840 819 904 his
835 841 960 926 aliquid
980 842 1165 907 audendum
1182 854 1271 908 retus

294 976 362 1020 uon
382 951 482 1038 magis
504 951 661 1015 audacter
682 973 783 1036 quam
802 951 973 1015 infeliciter
995 953 1172 1038 rescripsit:
1196 952 1270 1018 πολ·

297 1059 358 1127 λῶν
382 1060 514 1154 ὁρώντων
541 1062 641 1135 νυκτός
666 1082 697 1124 τε
722 1058 777 1147 ὑπὸ
803 1068 846 1151 τῷ
874 1060 956 1145 αὐτῷ
976 1060 1111 1147 οἰκήματι
1132 1062 1269 1127 κατακεί-

300 1196 402 1262 μενος,
425 1188 512 1254 quee
532 1188 632 1253 quam
654 1169 715 1231 sint
738 1169 848 1253 inepta
866 1188 933 1231 nun
953 1170 1065 1231 melius
1086 1170 1193 1233 sentiri
1211 1190 1272 1255 po·

297 1289 359 1343 test
374 1298 475 1364 quem
491 1276 517 1338 si
540 1276 728 1362 apposueris
747 1297 856 1339 veram
876 1276 1070 1361 scripturum
1089 1277 1208 1362 partim
1229 1277 1271 1339 eb

298 1387 433 1453 Reiskic
455 1381 593 1470 pulchra
617 1391 648 1443 et
668 1382 849 1445 felicissima
873 1379 1062 1444 coniectura
1082 1383 1270 1446 restitutam.

299 1492 428 1559 Scilicet
451 1495 484 1555 in
505 1490 674 1557 ETIMEN
697 1492 797 1553 late're
817 1489 896 1554 vidit
915 1493 1016 1556 ἔπινεν.
1053 1490 1196 1572 Reliqua
1220 1488 1274 1551 atl-

298 1602 366 1667 huc
387 1602 499 1665 misere
521 1596 671 1661 laborant
689 1606 720 1659 et
737 1597 855 1683 ineptis
875 1596 1141 1660 correctiunculis
1159 1606 1273 1659 vexata

297 1720 382 1775 sunt.
414 1706 513 1790 Quod
535 1705 695 1769 Graeculo
717 1706 750 1768 in
769 1714 908 1770 mentem
930 1706 1032 1770 venit:
1055 1704 1111 1770 ὑπὸ
1124 1713 1167 1793 τῷ
1187 1704 1271 1792 αὐτῷ

297 1820 432 1907 οἰκήματι
454 1835 519 1879 non
539 1815 640 1899 magis
662 1812 839 1875 absurdum
862 1824 908 1877 est
928 1836 1029 1900 quem
1052 1814 1107 1882 ὑπὸ
1126 1823 1169 1902 τῷ
1191 1794 1273 1901 αὐτῷ

294 1930 432 2018 ςρώμοιτι
440 1978 454 2012 ,
475 1924 652 2014 ςρωματεῑ,
675 1928 769 2008 εἵματι
779 1973 797 2006 ,.
816 1922 923 2012 ἱματίῳ
946 1944 1032 2008 quse
1062 1925 1272 1987 coniecerunt

296 2035 401 2099 critici
423 2032 626 2096 recentiores.
670 2030 765 2094 Sardi
793 2034 935 2095 venalesz
965 2032 1038 2118 quis
1060 2033 1145 2095 enim
1167 2042 1273 2117 potest

295 2144 362 2209 siue
378 2144 444 2207 risu
465 2142 509 2205 oh
531 2142 645 2205 oculos
664 2139 722 2203 sibi
745 2161 867 2225 ponere
881 2140 1084 2205 Alcibiadem
1102 2152 1134 2206 et
1153 2143 1287 2220 llrche·⁴

297 2252 427 2316 demum
443 2256 609 2338 potantes
635 2245 690 2315 ὑπὸ
716 2256 759 2337 τῷ
783 2248 866 2338 αὐτῷ
892 2249 998 2338 ἱματίῳ
1027 2251 1272 2337 κατακειμένονςδ

294 2360 386 2425 Nove
401 2357 536 2443 quidem
552 2355 634 2419 haec
652 2368 698 2420 est
716 2358 917 2444 compotatio
934 2358 968 2419 in
986 2360 1143 2444 stragulis.
1169 2360 1273 2441 Quae-

296 2488 366 2533 rere
398 2467 496 2554 igitur
523 2464 726 2551 pergendum
755 2466 837 2551 quid
866 2467 899 2529 in
926 2463 997 2529 istis
1019 2464 1273 2555 ὑποτωιαντομοιτι

295 2580 407 2642 lateat.
441 2573 541 2635 Porro
562 2594 596 2656 p.
622 2570 685 2634 143
702 2567 795 2657 (346.
820 2573 874 2657 Β.)
898 2595 1001 2658 quum
1024 2575 1057 2637 in
1078 2576 1167 2639 libris
1185 2588 1274 2641 recte

295 2683 452 2769 scriptum
482 2688 577 2742 esset:
609 2678 639 2746 ὃν
666 2681 780 2767 μᾶλλον
807 2681 866 2747 ἔδει
891 2685 1092 2770 κοσμιώτατον
1120 2688 1276 2753 εἶναιτῶν

298 2790 422 2860 πολιτῶν
437 2823 483 2837 -
497 2780 579 2863 οὗτος
600 2787 710 2882 ἑτέρους
738 2789 863 2881 ὑβρίζειν
891 2802 1050 2883 πειρᾶται,
1075 2795 1185 2857 nescio
1205 2817 1286 2880 que.

298 2899 341 2963 de
364 2918 461 2962 cause
482 2890 563 2973 οὗτος
584 2899 618 2960 in
637 2899 652 2963 ὁ
671 2896 705 2964 δέ
726 2901 872 2964 mutavit.
909 2897 1002 2962 Peius
1022 2901 1118 2964 etiam
1141 2925 1175 2987 p.
1199 2903 1271 2966 143.

300 3004 382 3095 (346
400 3002 453 3091 Β.)
485 3004 629 3080 πολλοςὸν
655 3007 739 3100 μέρος
763 3014 822 3072 τών
849 3005 935 3072 εἰδῶν
959 3016 1018 3073 τών
1043 3007 1139 3099 ἑαυτῷ
1164 3034 1273 3100 προση-

299 3118 408 3181 κόντων
431 3112 568 3175 resecuit
590 3113 688 3177 verba
713 3122 771 3179 τῶν
792 3113 878 3180 εἰδῶν
901 3115 990 3177 nulla
1012 3116 1073 3177 alia
1096 3115 1137 3177 de
1156 3137 1271 3191 causa,

298 3224 359 3288 nisi
387 3218 480 3307 quod
507 3238 574 3281 non
605 3219 815 3307 intelligebat.
851 3222 958 3284 neure
983 3203 1191 3285 currendus
1217 3232 1275 3289 τοι

300 3329 418 3399 ὀνειδῶν
434 3325 640 3391 scribendum
657 3349 722 3392 esse
741 3332 835 3407 vidit,
856 3340 966 3393 utnon
978 3330 1113 3415 perfecit
1127 3333 1275 3396 emenda·

299 3440 433 3504 tionem:
457 3456 575 3522 nempe
595 3438 824 3525 corrigendum
843 3448 1007 3524 praeterea
1027 3447 1095 3500 erat
1109 3440 1279 3529 προσόντων

303 3569 365 3637 pro
387 3546 609 3640 προσηκόντων,
633 3555 668 3608 ut
690 3546 781 3631 apud
799 3543 1044 3607 Demosthenem
1067 3564 1128 3627 pro
1147 3542 1276 3609 Corone

300 3681 337 3745 p.
359 3655 434 3720 314.
457 3654 489 3720 οὐ
518 3655 578 3747 γὰρ
600 3654 641 3719 ὅτ’
669 3654 706 3719 ἂν
732 3651 859 3741 δεἘαιμι
885 3651 1017 3744 προδόντ’
1040 3652 1155 3741 αἰσχρὰ
1183 3654 1276 3745 τούτῳ

301 3766 351 3833 καί
380 3760 494 3849 ὀνείδη,
518 3763 607 3827 πάντ’
632 3764 710 3851 οἶμαι
734 3760 798 3827 δεῖν
822 3761 950 3852 εὐχερῶς
973 3759 1075 3848 λέγειν.
1101 3771 1132 3823 et
1151 3764 1281 3847 saepius

301 3874 389 3941 alibi.
437 3871 502 3934 llae
527 3871 625 3957 igitur
660 3890 770 3936 omnes
791 3871 934 3935 eiusdem
956 3870 1085 3933 suntin
1112 3890 1176 3933 una
1202 3892 1278 3933 ora·

301 3984 388 4048 tione
409 3978 681 4072 παραδιορθώσεις
706 3980 822 4045 similes
844 3999 862 4041 c
883 3978 1017 4065 reliquis
1037 3979 1129 4043 nullo
1147 3979 1278 4066 negotio
