3100 4942
754 603 800 674 021

295 833 410 896 torum
436 825 612 896 hominum
641 823 753 916 lusus,
794 826 995 897 utilissimus
1020 823 1079 895 ille
1112 822 1249 917 quidem

300 945 343 1014 ad
355 945 570 1019 excitandum
586 946 815 1039 alendumque
826 947 963 1041 pulchri
979 970 1113 1018 sensum
1129 969 1249 1015 acuen-

298 1064 450 1158 dumquc
471 1067 654 1157 iudicium,
685 1065 747 1136 sed
769 1068 866 1137 lusus
890 1077 1018 1158 tamen,
1045 1068 1136 1138 unde
1165 1068 1249 1137 nihil

298 1183 392 1276 quod
415 1183 627 1255 manifestum
651 1187 694 1254 sit
719 1195 753 1283 et
777 1185 982 1255 duraturum
1008 1187 1165 1280 prodeat,
1193 1188 1250 1259 sed

297 1303 446 1397 speciosa
472 1312 621 1392 tautum,
656 1310 754 1374 acute
784 1304 1249 1398 subtiliterqueexcogitata,

298 1447 386 1516 quae
415 1402 556 1494 fortasse
584 1423 913 1516 aliquandolocum
947 1425 1066 1496 cedent
1097 1425 1186 1514 aliis,
1218 1428 1249 1495 ‘si

300 1569 368 1638 qua
402 1567 480 1616 mox
510 1545 642 1614 acutius
674 1545 775 1613 etiam
807 1544 1034 1638 subtiliusque
1062 1544 1104 1614 de
1132 1545 1251 1616 iisdem

297 1673 431 1760 reperta
450 1664 677 1760 proferantur.
711 1662 796 1732 Aliis
813 1673 931 1732 contra
953 1662 1130 1756 singularis
1152 1687 1252 1756 quae·

299 1784 377 1855 darn
398 1785 533 1857 videtur
553 1785 593 1857 ac
622 1811 697 1856 rara
721 1787 845 1880 ingenii
864 1785 1026 1874 felicitas,
1053 1809 1121 1879 qua
1147 1786 1253 1855 veluti
1279 1866 1281 1868 v

299 1905 461 1976 divinitus
493 1907 654 2002 impedita
685 1906 922 2002 expediantur,
959 1905 1103 1975 obscura
1130 1915 1164 1977 ct
1192 1905 1253 1976 ab·

301 2034 412 2096 strusa
445 2025 535 2096 clara
564 2026 640 2096 luce
670 2024 902 2096 illustrentur:
933 2024 1020 2094 hauc
1048 2035 1159 2094 autern
1185 2024 1254 2094 sol-

303 2143 434 2214 lertiam
459 2147 494 2216 in
515 2169 703 2241 perpaucos
723 2145 843 2230 cadere
858 2169 922 2214 nec
949 2170 1155 2238 quemquam
1178 2146 1252 2215 fieri

302 2261 463 2334 Criticum
488 2265 547 2336 sed
571 2267 662 2336 nasci
684 2274 724 2336 ut
748 2269 898 2362 politam:
923 2265 1016 2335 nolle
1044 2267 1148 2358 igitur
1171 2289 1252 2360 ope-

303 2407 374 2452 rarn
405 2383 544 2477 perdere
565 2387 600 2455 in
625 2409 679 2474 re,
706 2408 810 2477 quarn
830 2386 960 2477 assequi
982 2383 1175 2479 desperent:
1198 2409 1252 2455 sa·

303 2501 346 2570 tis
378 2525 449 2572 esse
482 2503 559 2593 sibi,
597 2506 623 2572 si
663 2528 751 2597 quac
784 2503 837 2574 edi
870 2503 997 2592 solent,
1029 2504 1253 2596 probabiliter
1361 2550 1363 2553 -

301 2622 506 2714 intelligant:
530 2624 578 2693 nil
609 2623 700 2694 ultra
722 2647 894 2718 quaerere.
934 2623 1068 2693 Utinam
1092 2623 1158 2693 hoc
1180 2625 1251 2695 sine

298 2743 451 2835 periculo
473 2743 516 2812 ab
541 2743 736 2814 hominibus
761 2742 920 2812 modestis
939 2749 973 2811 et
990 2741 1163 2813 industriis
1179 2744 1253 2814 fieri

300 2865 431 2955 posset!
467 2861 565 2933 Nunc
585 2862 848 2933 innumerabiles
872 2862 997 2955 suscipi
1022 2862 1132 2932 solent
1158 2888 1253 2935 erro·

300 3006 352 3054 res
376 2975 412 3052 ct
432 2983 627 3076 propagari,
654 2982 712 3074 qui
732 2981 941 3073 antiquitatis
961 2982 1183 3074 cognitionem
1203 2985 1250 3053 ito
1344 3010 1346 3015 ·

300 3100 545 3197 depravarunt,
571 3107 610 3169 ut
635 3097 678 3168 ad
704 3098 982 3191 exstinguendam
1007 3123 1121 3168 sanam
1149 3105 1251 3172 ratio·

300 3247 378 3292 nem
423 3245 526 3314 quam
569 3220 613 3290 ad
656 3218 921 3289 confirmandam
957 3217 1100 3290 subinde
1138 3227 1250 3318 aptior

299 3339 479 3410 existimari
504 3339 620 3432 possit.
659 3337 780 3430 lugens
804 3339 997 3408 etiamnunc
1022 3352 1175 3434 superest
1198 3344 1251 3414 lo·

300 3482 418 3529 eorum
446 3481 627 3547 numerus,
652 3479 802 3549 quorum
834 3456 931 3527 nulla
958 3459 1020 3526 nisi
1045 3462 1166 3531 stolida
1188 3466 1250 3534 erit

302 3579 551 3672 interpretatio,
575 3577 683 3648 donec
710 3603 788 3648 vera
813 3586 847 3648 et
870 3578 1045 3649 emendata
1066 3581 1164 3653 lectio
1187 3586 1249 3654 ali-

303 3697 414 3769 cunde
439 3695 639 3790 proferetur.
678 3696 715 3766 ln
737 3696 790 3766 bis
822 3707 1009 3792 utcumque
1034 3702 1248 3796 expediendis

303 3816 1246 3913 matureiudiciumcorrumpitur,quodabincunteado·

308 3936 463 4008 lescentia
480 3937 663 4009 assuefiunt
684 3939 836 4011 homines
855 3945 1017 4012 contortis
1035 3941 1253 4037 ridiculisque

301 4057 582 4152 explicationibus
594 4069 628 4132 et
643 4061 754 4131 mirari
768 4061 954 4155 quidquam
967 4064 1142 4155 desinunt,
1156 4064 1250 4156 quod
