3100 4942
746 553 794 625 82

398 774 429 841 ri
447 772 528 844 δῆτα
550 770 602 836 δεῖ
619 791 652 835 σε
676 771 815 858 κάμνειν,
837 773 991 843 κατθανεῖν
1012 756 1188 867 'Aponon'

297 881 386 947 unde
408 902 509 967 quarn
528 878 699 943 infeliciter
722 878 848 964 aliquid
866 884 934 947 sani
957 886 1146 972 exsculpere
1165 889 1276 953 conati

299 994 361 1056 sint
388 990 534 1054 homines
562 986 650 1051 docti
680 987 804 1053 videbis
828 992 918 1076 apud
944 1013 998 1057 eos
1028 994 1088 1080 qui
1114 995 1277 1081 Euripidis

299 1099 478 1185 fragmenta
498 1098 708 1183 collegerunt.
743 1097 783 1161 ln
804 1096 987 1164 huiusmodi
1007 1102 1192 1167 calamitate
1209 1105 1277 1171 sine

299 1225 363 1293 ope
384 1205 540 1269 librorum
561 1204 651 1267 nulla
675 1224 748 1290 spes
773 1204 883 1269 salutis
913 1215 978 1281 est,
1010 1215 1043 1269 at
1072 1206 1138 1272 boc
1168 1219 1277 1281 tamen

301 1312 385 1376 valet
408 1310 565 1374 iudicium
587 1319 618 1371 et
645 1309 742 1394 longa
765 1330 842 1373 cum
866 1312 1026 1378 veteribus
1053 1316 1272 1394 consuetudo,

300 1428 337 1481 ut
359 1416 485 1481 subesse
505 1418 539 1479 in
561 1415 609 1479 his
632 1414 780 1477 fraudem
802 1418 918 1481 sentire
940 1427 972 1481 et
994 1420 1178 1506 perspicere
1198 1441 1275 1507 pos·

301 1524 358 1599 sis,
390 1534 422 1587 et
455 1545 558 1608 quum
582 1524 651 1608 ipsa
681 1522 846 1607 scriptoris
876 1543 991 1588 manns
1016 1525 1086 1588 erui
1111 1538 1274 1613 nequeat,

302 1641 336 1694 at
358 1632 513 1695 sententia
543 1639 651 1693 tamen
685 1650 814 1708 eorum,
852 1651 938 1717 quae
971 1633 1156 1719 perierunt,
1188 1645 1277 1699 certa

302 1740 490 1803 coniectura
519 1740 618 1825 possit
652 1739 846 1825 excogitari,
879 1748 916 1803 ut
945 1741 980 1805 in
1010 1742 1075 1807 boc
1105 1744 1177 1830 ipso
1205 1746 1281 1809 loco

304 1846 432 1911 Grotius
454 1845 612 1924 ostendit,
637 1845 822 1931 quiquam
844 1846 1039 1933 corrigeretz

429 1951 471 2020 Α.
509 1953 542 2019 τί
560 1951 612 2018 δεῖ
629 1950 717 2029 θεοὺς
740 1952 835 2039 σέβειν
856 1975 890 2019 σε
910 1954 1157 2046 κατθανούμενονς

433 2065 471 2128 Β.
510 2068 622 2150 ἄμεινον
644 2060 709 2127 ari.

303 2183 392 2238 recte
413 2174 588 2260 cogitando
606 2174 752 2259 proxime
774 2174 909 2238 accessit
929 2175 1024 2240 adid
1043 2177 1166 2265 ipsum,
1191 2176 1284 2262 quod

303 2283 475 2368 Euripides
505 2292 536 2347 et
563 2280 757 2345 Plutarchus
789 2280 971 2347 habuerant
1003 2284 1038 2348 in
1068 2283 1187 2349 animo.
1231 2283 1281 2349 Cl'.

304 2392 578 2459 Valckenaerium
601 2390 642 2453 ad
665 2390 789 2454 Phoen.
812 2412 858 2456 vs.
884 2391 982 2454 1:331.

346 2500 425 2587 Peg.
449 2502 503 2565 23.
538 2496 610 2564 Sat
634 2498 783 2575 alienam
810 2498 1014 2576 multorum,
1045 2522 1189 2587 quorum
1213 2522 1284 2563 non

309 2608 383 2673 nisi
414 2609 621 2671 recentiores
652 2604 783 2667 coda'eee
816 2626 908 2669 nunc
941 2613 1097 2684 uetant,
1132 2611 1287 2695 iniquior

310 2723 361 2779 est
383 2713 550 2790 conditio,
575 2735 655 2777 nam
676 2711 904 2797 interpolatos
924 2733 1000 2775 ease
1017 2720 1169 2790 constat,
1193 2716 1286 2779 nnti-

310 2846 413 2913 quam
436 2827 646 2911 scripturam
667 2824 706 2885 r'n
720 2821 904 2909 pleraeque
926 2821 1011 2885 locia
1034 2842 1104 2886 non
1124 2825 1198 2886 nc'er'
1221 2846 1285 2887 an·

311 2935 411 3021 eipr'ti
431 2934 626 2995 coniectura
648 2936 681 2992 et
703 2930 837 2991 incerta
853 2927 1081 2991 divinatione
1102 2948 1289 3013 possumne

314 3036 516 3129 espiaean'.)
549 3034 583 3098 Si
604 3034 678 3120 quis
700 3033 795 3096 huius
813 3034 859 3097 rei
877 3033 1075 3097 documenta
1093 3045 1129 3097 et
1142 3036 1290 3121 exempla

316 3170 336 3213 a
360 3168 411 3211 rne
432 3150 574 3233 peteret,
599 3151 673 3206 ante
695 3142 838 3227 reliquos
862 3162 974 3205 omnes
997 3142 1110 3227 Lysiae
1132 3145 1294 3208 orationes

318 3256 517 3344 proferrem,
541 3272 627 3339 quae
657 3272 761 3337 quum
789 3250 823 3313 in
845 3251 989 3336 pessimis
1014 3260 1046 3313 et
1072 3252 1295 3315 recentissimis

320 3363 410 3430 libris
439 3364 482 3429 ad
508 3380 567 3425 nos
593 3358 796 3444 pervenerint
828 3376 896 3421 non
933 3358 1071 3443 simplici
1108 3360 1294 3423 calamitate

320 3472 454 3539 affectae
474 3480 559 3535 sunt.
592 3468 675 3531 Nam
697 3487 802 3551 quum
824 3464 1030 3529 librariorum
1051 3466 1200 3531 socordia
1220 3487 1296 3551 pas·

322 3584 380 3647 sim
404 3577 641 3644 contaminatae
663 3575 949 3639 circumferrentur
966 3574 1032 3638 iam
1052 3575 1129 3637 olim
1149 3574 1299 3639 videntur

322 3689 416 3753 multi
439 3682 612 3750 temerariis
632 3679 936 3771 interpolationibus
955 3680 1158 3747 laborantem
1175 3691 1297 3745 senten·

325 3800 402 3861 tiam
429 3795 531 3881 magis
555 3793 723 3881 magisque
745 3790 1010 3881 pessumdedisse.
1052 3790 1176 3855 Deinde
1196 3810 1300 3876 quum

325 3907 376 3973 vel
405 3904 450 3967 sic
484 3912 591 3967 tamen
618 3902 711 3965 multi
733 3901 800 3966 loci
824 3899 967 3963 intricati
992 3908 1210 3985 superessent,
1244 3899 1302 3984 qui

328 4034 456 4080 omnem
492 4012 790 4097 interpretationem
821 4018 1009 4097 respuerent
1047 4028 1109 4074 nec
1138 4009 1205 4073 sine
1235 4007 1303 4075 vio·
