3100 4942
681 552 753 628 tto

244 771 377 863 μηδεμία
402 778 461 855 τῶν
483 772 590 840 coleos
616 772 702 840 αὑτὸν
724 774 883 866 φοβήσεται
910 776 985 839 satis
1003 786 1139 861 apparet
1160 776 1218 841 de·

244 882 377 945 lendum
400 903 466 945 esse
493 884 767 959 additamentum,
802 904 871 971 quo
894 882 1051 975 ἐφιλοσόμι
1074 886 1218 971 explica·
1306 887 1310 895 '

243 989 356 1066 batur,
382 990 474 1075 quod
500 996 640 1078 positum
669 1003 714 1055 est
742 994 857 1056 eodem
880 993 1000 1069 modo,
1032 1015 1100 1078 quo
1130 996 1220 1080 apud

244 1098 455 1163 Menandrum
477 1101 646 1164 laudatum
667 1099 707 1162 ab
729 1100 923 1185 Harpocrat.
947 1124 980 1164 v.
999 1102 1176 1195 μλοσοψεῖνε
1224 1185 1227 1190 Ι

600 1206 747 1299 φιλοσοφεῖ
765 1204 800 1272 δὲ
822 1205 922 1291 τοῦθ’,
944 1210 1021 1282 ὅπως

399 1313 631 1411 καταπροίξεταί
652 1316 722 1401 (σοι)
747 1316 796 1381 τὸν
817 1320 927 1405 γάμον.

243 1424 342 1489 Aliud
368 1446 468 1511 genus
498 1428 753 1515 interpolationis
786 1427 863 1490 hinc
892 1436 1000 1490 ortum
1026 1436 1094 1503 est,
1126 1426 1219 1512 quod

242 1534 333 1597 scioli
353 1536 484 1621 singulis
499 1535 665 1600 vocabulis
683 1535 851 1597 intellectu
868 1533 1105 1597 difficilioribus
1122 1534 1222 1619 expli·

243 1642 341 1705 candi
363 1644 466 1729 gratia
487 1643 651 1707 addebant
675 1643 820 1707 faciliora
843 1664 884 1706 ex
904 1644 1069 1707 communi
1096 1662 1222 1728 aequa«-

243 1752 322 1817 lium
346 1774 490 1818 sermone
509 1757 632 1841 petita:
655 1774 741 1840 qnae
762 1756 904 1840 primum
922 1752 1140 1838 superscripta
1163 1760 1221 1814 aut

243 1860 279 1925 in
311 1861 455 1947 margine
478 1861 641 1947 adscripta
675 1860 793 1924 deinde
819 1861 974 1946 antiquae
999 1869 1031 1922 et
1054 1880 1150 1924 verae
1176 1859 1223 1923 le·

246 1970 362 2034 ctionis
380 1972 488 2033 locum
506 1980 713 2057 occuparunt
736 1980 792 2034 aut
816 1969 927 2033 addita
946 1970 1012 2032 fere
1031 1970 1152 2052 copula
1174 1968 1230 2033 καί
1313 2009 1317 2015 n

246 2100 322 2143 cunr
346 2100 383 2143 ea
407 2080 515 2163 inepte
536 2080 808 2164 coniunguntur„
823 2088 859 2141 ut
881 2080 914 2142 in
937 2076 986 2140 his
1003 2076 1107 2141 verbis
1125 2077 1224 2139 Euse-

246 2186 291 2251 bii
311 2188 402 2274 apud
421 2186 597 2251 stobaeum
619 2188 727 2251 Floril.
741 2188 766 2251 l.
786 2186 831 2251 85
848 2188 939 2272 (tom.
957 2186 983 2248 l.
1003 2208 1037 2270 p.
1050 2183 1220 2269 50Gaist.)

243 2291 334 2385 ἐρῴην
369 2290 433 2378 [καὶ
454 2292 651 2383 ἑπιθνμέοιμι]
679 2294 729 2360 καὶ
750 2298 925 2383 τυγχάνοιμι
953 2292 1064 2380 μούνων
1085 2300 1144 2359 τῶν
1165 2318 1222 2357 κάν

247 2404 319 2470 λῶν.
354 2404 408 2465 Est
427 2414 534 2467 autem
553 2402 622 2497 ἐμοῖο
637 2408 670 2468 in
691 2406 836 2468 Dialecto
855 2404 967 2467 lonica
987 2422 1118 2487 prorsus
1139 2402 1226 2465 idem

246 2524 346 2599 atque
358 2510 561 2599 ἐπιθνμνῖνίη
578 2516 740 2578 communi
758 2514 974 2576 recentiorum
992 2531 1150 2586 sermone,
1167 2534 1225 2574 un-

248 2622 289 2685 de
311 2622 462 2684 sentimus
489 2619 662 2710 ε’πιθνμοῖμι
686 2622 763 2684 olim
792 2620 992 2705 adscriptum
1012 2638 1080 2681 esse
1102 2618 1145 2681 ad
1173 2640 1225 2681 os·

246 2728 442 2794 tendendam
458 2728 609 2823 vocabuli
628 2726 909 2814 significationemt
929 2734 1096 2811 praeterea
1109 2726 1227 2811 aliquis

248 2838 433 2925 ἐπιθνμέοιμι
450 2839 539 2901 dedit
563 2848 598 2900 ut
619 2837 720 2901 lonici
744 2835 863 2897 eoloris
884 2843 981 2911 esset,
1006 2834 1048 2898 de
1066 2856 1134 2920 qua
1155 2835 1226 2922 ipsa

248 2955 352 3018 forma
373 2946 520 3014 nondum
545 2943 623 3007 mihi
642 2943 718 3005 satis
739 2950 864 3004 constat
886 2951 918 3005 et
940 2943 1087 3028 suspicor
1106 2965 1223 3029 quern·

249 3057 425 3123 admodum
445 3054 544 3118 Attici
566 3050 711 3114 nonalia
731 3049 835 3112 lorma
858 3071 958 3134 quam
977 3070 1063 3136 quae
1078 3061 1169 3113 exeat
1189 3052 1223 3115 in

247 3169 357 3238 -n'nv
379 3175 410 3229 et
429 3166 539 3253 -ῴην
560 3159 792 3235 utisolebant‚
812 3160 858 3222 sie
875 3180 917 3222 ne
937 3159 1069 3224 Ionibus
1089 3160 1222 3243 quidem

247 3278 359 3365 -ot‘pt
380 3274 431 3338 vel
451 3274 572 3359 -έοιμν
590 3270 624 3331 in
646 3288 704 3330 usu
725 3266 838 3343 fuisse,
860 3275 896 3329 ut
916 3286 1096 3353 numquam
1114 3269 1224 3330 lormis

248 3388 285 3451 in
315 3387 445 3469 -ἀοιμι
465 3380 516 3445 vel
537 3383 646 3465 -ῷμι
671 3383 744 3437 sunt
766 3374 824 3436 usi.
856 3372 1021 3437 Proferam
1039 3395 1127 3438 nunc
1145 3396 1226 3439 non·
1275 3439 1277 3442 .

247 3491 354 3556 nullos
380 3491 487 3564 locos,
516 3485 572 3549 ubi
594 3504 669 3547 vera
692 3482 789 3545 lectio
811 3480 896 3543 felici
923 3500 1001 3543 casn
1023 3482 1154 3545 aliunde
1176 3504 1223 3548 re·

247 3601 358 3665 stituta
381 3608 437 3661 est.
470 3591 680 3657 Scribebatur
700 3590 734 3652 in
756 3588 886 3651 Homeri
906 3587 998 3650 lliad.
1021 3590 1060 3653 Φ.
1081 3591 1158 3652 455.

279 3716 367 3785 ςεῦτο
388 3707 419 3774 δ’
442 3707 484 3793 ὅγ’
508 3706 679 3797 ἀμφοτέρων
709 3700 924 3789 ἀποκόψειν
953 3701 1047 3763 οὔατα
1068 3697 1203 3786 χοιὶοιῷ.Δ

248 3820 355 3884 donec
377 3838 453 3883 vera
478 3812 575 3878 lectio
605 3809 793 3898 ἀπολεψέμεν
825 3807 947 3894 prodiit
976 3828 1015 3871 ex
1049 3805 1221 3869 Aristonici

245 3935 324 3990 nota
346 3931 497 4008 excerpta
526 3939 565 3982 ex
594 3916 838 3983 Commentariis
863 3914 1055 3979 Aristarchi:
1089 3912 1220 3986 ἡάιπλῆ

247 4040 292 4101 ὅτι
310 4072 353 4083 -
371 4036 600 4122 καπαχμνςοοῶς
629 4024 879 4113 ἀπολεψέμεν
908 4022 972 4090 ἀντὶ
1000 4027 1050 4089 τοῦ
1078 4024 1225 4091 ἀποκότ
