3100 4942
709 539 756 648 ον
788 480 792 485 ’

250 763 280 828 ἐν
299 769 342 853 τῷ
365 764 465 852 τρόπῳ
480 756 651 828 Λακωνικὸν
673 755 736 822 οὐδ’
763 757 881 824 ἁπλοῦν.
895 760 972 846 ἔχων
992 756 1072 822 ἀλλὰ
1095 756 1169 823 πολὺ
1189 760 1224 826 τό

256 879 417 966 πανοῦργον
439 871 488 936 καὶ
518 871 550 936 τὸ
573 867 724 960 θηριῶδες.
753 867 798 932 διὸ
824 867 873 932 καὶ
909 869 1056 960 Σκύρον
1088 867 1175 933 αὐτὸν
1199 871 1225 934 οἱ

253 981 482 1067 Λακεδαιμόνιοι
511 981 732 1072 προσηγόρευον.
775 976 938 1059 Perspexit
972 977 1131 1039 Porsonos
1161 996 1228 1041 non

251 1091 426 1158 ΟΚΥΦΟΝ
455 1087 510 1150 sed
536 1085 720 1149 ClCYdtON
746 1085 781 1145 in
807 1083 940 1158 codice,
976 1105 1075 1169 quem
1100 1085 1227 1170 legebat

253 1202 454 1272 Athenaeus,
486 1198 641 1281 scriptum
675 1192 780 1254 fuisse.
826 1191 1009 1278 Xenophon
1036 1194 1070 1254 in
1102 1194 1225 1259 Hellen.

254 1307 315 1370 Ill.
344 1309 371 1368 l.
394 1304 426 1368 8.
458 1299 638 1395 Δερκυλίδας
660 1297 759 1389 ἄρξων
778 1297 897 1388 ἀφίκετο
919 1296 966 1362 ἐπὶ
990 1300 1023 1364 τὸ
1045 1307 1225 1395 ςροίτεορια,

252 1417 325 1506 ἀνὴρ
350 1413 446 1479 δοκῶν
474 1414 542 1477 εἶναι
570 1409 654 1498 μάλα
682 1412 892 1496 μηχανητικός.
921 1407 970 1472 καί
998 1408 1166 1476 ἐπεκαλεῖτο
1188 1411 1225 1476 δὲ

253 1525 387 1616 Σίσοφος.
445 1521 510 1584 Sed
551 1524 624 1605 quis
659 1519 708 1581 vel
747 1518 814 1578 sine
847 1519 1064 1603 Xenophonte
1098 1531 1225 1606 poteret

250 1632 420 1695 dubitare?
453 1631 586 1711 Quoties
606 1628 722 1691 deinde
751 1628 792 1690 ab
822 1628 958 1692 librariis
984 1631 1015 1691 K
1035 1640 1066 1703 et
1089 1630 1127 1693 lc
1153 1634 1223 1694 iue-

158 1747 164 1754 '
249 1741 310 1802 rint
337 1740 472 1802 confusa
503 1739 576 1800 vide
602 1739 693 1824 apud
710 1737 888 1799 Porsonum
920 1748 951 1800 et
977 1738 1160 1801 Dobraeum
1189 1741 1223 1802 in

249 1847 344 1910 huius
378 1835 633 1934 Aristophnnicis
667 1869 699 1931 p.
723 1847 808 1921 241,
832 1855 862 1908 et
892 1848 1032 1912 Bastiurn
1072 1849 1115 1910 od
1149 1849 1224 1911 Gre-

250 1976 319 2043 gor.
348 1951 492 2018 Corinth.
516 1980 549 2041 p.
574 1952 641 2018 244
663 1975 738 2038 sqq.
772 1953 828 2014 ubi
854 1953 976 2016 videbis
998 1957 1161 2042 stupidam
1182 1960 1221 2021 li·

249 2066 429 2129 breriorum
457 2075 583 2152 gentem
611 2065 747 2131 κτᾶσθαι
778 2074 808 2125 et
837 2067 982 2130 ἵστασθαι
991 2119 1004 2151 ,
1034 2067 1157 2144 πλεκτὰς
1187 2081 1220 2132 et

249 2174 405 2258 πλεῖστος,
421 2179 536 2266 ἄριστος
550 2183 580 2233 et
591 2179 697 2266 ἄρκτος
703 2227 715 2258 ,
728 2170 762 2236 ἐκ
780 2184 812 2234 et
827 2174 864 2247 εἰς
880 2184 995 2236 temere
1008 2178 1218 2240 confundere.

248 2285 291 2349 At
309 2286 342 2347 in
357 2283 418 2346 iltis
432 2284 564 2346 sortasse
584 2285 693 2346 veniae
709 2285 803 2344 iocos
824 2294 887 2358 est,
907 2285 1014 2346 nulius
1030 2287 1062 2346 in
1079 2285 1143 2357 his,
1165 2285 1221 2348 ubi

246 2413 309 2480 pro
336 2390 500 2474 Λάκωνες,
524 2390 679 2475 Αἴσωπος,
702 2387 952 2476 κεκιβδηλενρίνα
981 2412 1034 2454 eos
1061 2396 1222 2480 scripsisse

248 2499 352 2565 vides:
396 2497 532 2572 λαίσωνες
542 2552 555 2582 ,
586 2503 723 2583 ἅκωπος,
754 2507 787 2559 et
821 2495 1096 2587 nrzorssdnievpeioij
1127 2502 1220 2586 quod

246 2626 335 2670 nunc
350 2607 466 2691 legitor
478 2607 568 2690 apud
579 2607 774 2690 Hesychium
796 2608 879 2670 inter
895 2611 1015 2672 κεῖσθαι
1030 2621 1061 2671 et
1077 2611 1216 2698 κείσομαι.

247 2713 333 2776 Nihil
347 2724 393 2776 est
406 2713 488 2776 adeo
501 2713 692 2787 absurdum,
710 2714 793 2798 quin
813 2714 854 2776 ab
875 2715 1069 2780 dormitante
1089 2720 1220 2781 librario

247 2823 411 2886 literarum
430 2823 549 2885 formes
572 2821 794 2884 confundente
813 2844 852 2886 ac
871 2824 1030 2888 vocabulo
1049 2847 1219 2911 perperam

246 2931 415 2992 dirimente
437 2930 532 2993 scribi
556 2931 666 3015 possit.
703 2929 787 2991 Hine
809 2933 910 2993 multa
930 2943 1063 3017 possunt
1081 2934 1220 3017 simplici

248 3059 286 3101 ec
308 3038 474 3100 manifesta
498 3037 721 3098 emendatione
751 3040 891 3113 restitui,
923 3062 1009 3124 quae
1032 3061 1091 3124 per
1116 3042 1219 3101 muita

246 3147 372 3209 saecuta
408 3145 501 3206 soede'
540 3153 693 3226 corrupte
729 3145 884 3228 explicari
917 3147 975 3208 nisi
1006 3147 1120 3209 stolide
1153 3167 1219 3208 non

244 3263 431 3340 potuerunt.
467 3235 558 3314 luvet
580 3272 679 3313 unum
701 3243 731 3312 et
748 3253 884 3314 alterum
903 3255 1085 3339 exemplum
1105 3254 1219 3316 efferre

248 3363 352 3436 exiis,
374 3379 460 3446 quae
478 3380 586 3446 nuper
604 3369 730 3442 reperta
750 3370 823 3422 sunt
843 3371 899 3422 not
917 3362 1026 3426 adhuc
1042 3365 1217 3426 latuerunt.

248 3472 347 3534 Solon
372 3470 461 3554 apud
481 3469 573 3552 Diog.
598 3469 702 3530 Loe'rt.
728 3469 753 3531 Ι.
779 3468 835 3531 60.

335 3574 385 3641 καί
407 3577 602 3660 μεταποίησον
622 3578 729 3665 ἀγυιὰς
752 3574 844 3663 ταδί,
868 3573 928 3642 tite
948 3576 979 3642 δ’
1002 3576 1094 3643 ἄειδε.

290 3687 432 3773 Optimi,
464 3709 547 3771 quos
572 3687 654 3761 vidi,
682 3687 829 3749 codices:
854 3711 961 3774 αιγνασ
984 3685 1074 3757 radn-
1117 3686 1217 3772 Berg-

245 3798 319 3861 kius
339 3798 372 3859 in
389 3797 480 3858 Pon.
499 3795 572 3878 Lyr.
589 3816 621 3878 p.
636 3793 696 3855 331
716 3814 824 3855 veram
842 3795 1012 3857 lectionem
1030 3791 1218 3881 Λιγναςοίτλη

245 3904 382 3969 restitnit
403 3925 441 3967 ex
464 3901 733 3980 8οἰάοε,ε’καλέἴτο
757 3900 792 3967 δὲ
814 3901 863 3967 καί
885 3903 1086 3991 Λτγοαςοίδης
1108 3903 1216 3968 διὰτὸ

246 4013 366 4104 ἐμμελὲς
396 4011 446 4080 καί
473 4009 542 4083 ἡδύ.
578 4011 669 4097 Diog.
693 4012 810 4076 '12³er
843 4011 933 4080 VIII·
966 4011 1020 4076 20.
1058 4011 1156 4078 ἐκάλει
1180 4009 1215 4077 δὲ
