3100 4942
712 557 758 630 65

252 774 338 858 τίςη,
362 771 488 846 καὶτὰς
513 770 643 862 κεφαλὰς
667 772 811 861 ἀπότεμνε
839 771 889 839 καὶ
915 774 1128 854 ἀνασκολόπιζε
1137 826 1150 861 ,
1183 775 1224 852 ὡς

248 883 365 950 εἰδῶσιν
386 886 540 973 ἅνθρωποι
559 889 646 960 ὅντες.
672 883 728 946 ubi
746 904 842 946 nemo
858 883 1020 948 dubitabit
1036 885 1106 951 καῖ’·
1121 884 1226 960 αὐτούς

250 993 405 1068 scribere,
431 997 488 1078 qui
511 995 645 1078 quidem
664 994 773 1056 locum
793 1002 879 1056 recte
896 994 1096 1056 intellexerit.
1129 995 1224 1057 Nunc

247 1101 342 1165 video
372 1111 402 1162 et
425 1099 466 1162 ab
489 1101 577 1174 aliis,
600 1101 729 1162 Struvio
760 1109 792 1162 et
814 1099 982 1172 lacobsio‚
1007 1101 1093 1164 hanc
1115 1124 1224 1166 emen·

248 1209 411 1271 dationem
431 1229 496 1272 esse
516 1216 713 1290 occupatam
734 1217 765 1270 et
788 1209 898 1292 inepte
920 1210 1071 1272 reiectam
1091 1231 1109 1271 a
1128 1211 1224 1274 Frita·

248 1317 338 1382 schio
361 1319 394 1381 in
417 1318 562 1399 Quaestt.
594 1319 773 1382 Lucianeis.
798 1343 831 1404 p.
859 1320 938 1395 133,
965 1319 1021 1404 qui
1045 1337 1106 1379 nec
1128 1318 1222 1380 intel·
1299 1350 1301 1353 ·

247 1428 323 1492 lexit
352 1448 426 1492 eum
452 1428 562 1490 locum
594 1437 626 1489 et
655 1427 954 1512 interpretationem
983 1426 1090 1489 attulit
1116 1446 1155 1488 ex
1183 1446 1223 1489 eo

246 1555 384 1621 genere,
408 1555 476 1620 quo
498 1534 609 1597 iudicii
632 1555 769 1597 acumen
792 1533 929 1599 obtundi
953 1546 985 1598 et
1011 1535 1150 1620 perverti
1172 1557 1223 1598 sa·

245 1663 322 1706 nam
351 1645 508 1706 rationem
538 1642 772 1704 contendimus.
812 1641 936 1728 Nempe
965 1639 1095 1704 Charon
1127 1640 1222 1704 simul

243 1752 486 1816 insolescentem
511 1749 678 1812 audiverat
705 1748 858 1813 Croesum
884 1760 915 1812 et
942 1758 1114 1835 acceperat
1145 1770 1220 1812 eum

246 1857 337 1923 brevi
370 1858 487 1922 debere
520 1857 630 1922 ἁλόντα
661 1855 707 1921 ἐπὶ
739 1859 791 1926 τὴν
819 1858 915 1947 πυρὰν
946 1855 1002 1922 ὑπὸ
1035 1861 1084 1921 τοῦ
1115 1858 1215 1950 Κύρου

246 1967 430 2052 ἀναχθῆναι.
472 1965 573 2027 Simul
602 1963 811 2026 ferocientem
840 1964 919 2026 vidit
942 1962 1080 2049 Cyrum,
1112 1989 1217 2051 quum

245 2074 336 2136 audit
358 2073 400 2136 de
421 2072 609 2156 Tomyride,
635 2092 721 2156 quae
742 2075 794 2142 τὴν
814 2072 937 2162 κεφαλὴν
958 2075 1144 2164 ἀποτεμοῦσα
1165 2083 1216 2143 τοῦ

244 2183 343 2274 Κύρου
358 2179 387 2257 ἐς
401 2181 490 2245 cicada
503 2178 629 2268 ἐμβαλεῖ
641 2181 737 2274 πλήρη
753 2189 887 2270 αἵματος.
913 2183 994 2245 Tum
1005 2184 1084 2247 vidit
1100 2184 1218 2248 fastum

241 2290 436 2375 Polycratis,
462 2298 493 2350 et
516 2290 633 2351 certior
653 2289 691 2351 fit
711 2311 729 2352 a
752 2291 911 2354 Mercurio
933 2295 976 2355 σ’τι
1000 2290 1051 2354 καὶ
1071 2284 1153 2366 οὗτος
1170 2323 1216 2340 -·-

242 2399 566 2468 ἀνασκολοπισθήσεται
596 2398 698 2472 ἄθλιος
733 2398 861 2463 ἐκπεσὼν
889 2408 941 2473 τῆς
969 2395 1152 2484 εὐδαιμονίας
1185 2397 1215 2464 ἐν

244 2506 354 2598 ἀκαρεῖ
383 2511 500 2599 χρόνον.
537 2506 587 2571 καὶ
615 2513 711 2572 ταῦτα
743 2510 802 2599 γὰρ
811 2560 825 2593 ,
858 2509 903 2570 ait
932 2508 1129 2582 Mercurius,
1162 2518 1214 2584 τῆς

241 2614 388 2688 Κλωθοῦς
410 2614 568 2687 ἐπήκουσα.
614 2616 783 2678 Exsultans
805 2617 903 2703 igitur
921 2616 1042 2701 gaudio
1061 2615 1211 2694 Charon,

241 2733 277 2786 ut
299 2726 357 2809 qui
380 2726 505 2788 futuras
525 2723 739 2808 superborum
763 2723 931 2786 hominum
949 2744 1071 2809 poenas
1088 2733 1120 2787 et
1138 2745 1214 2790 cru·

239 2835 342 2898 ciatus
357 2836 424 2898 iam
444 2835 502 2898 sibi
521 2835 688 2918 adspicere
709 2832 876 2907 videatur,
900 2834 1072 2896 exclamat:
1095 2840 1212 2923 ἄγαμαι

238 2939 397 3014 Κλωθοῦς.
423 2949 557 3030 γεννικῶς
579 2940 642 3005 καῖ’
669 2939 773 3014 αὐτούς
795 2939 975 3026 (Croesum)
996 2939 1046 3004 καὶ
1067 2942 1210 3029 astrepit

237 3049 292 3124 τὰς
311 3050 439 3142 κεφαλὰς
462 3050 518 3134 (de
537 3048 622 3132 Cyro
641 3046 776 3131 cogitat)
799 3043 850 3110 καὶ
867 3046 1077 3128 α’νασκολόπιζε
1100 3052 1210 3136 (Poly-

237 3157 384 3240 cratem).
406 3157 489 3223 Vide
507 3177 596 3218 nunc
612 3153 693 3237 quid
706 3153 899 3216 Fritzschius
918 3154 1048 3219 afferat:
1068 3156 1210 3237 »Quidni

236 3285 311 3329 vero
340 3267 385 3327 sic
412 3285 533 3328 sumas:
568 3261 683 3349 Euge,
717 3259 853 3336 Clotho,
885 3270 1025 3326 strenue
1056 3271 1089 3326 et
1114 3265 1209 3350 ι’ρεοε

237 3374 318 3456 (non
339 3371 445 3434 minus
468 3391 568 3457 quam
591 3370 669 3432 alios
694 3374 838 3454 privatos
859 3368 1036 3454 homines),
1062 3374 1205 3457 optima,

235 3487 307 3541 tum
327 3479 495 3565 capitibus
508 3479 630 3564 priva,
656 3484 727 3539 tum
742 3477 825 3560 palo
845 3475 977 3564 afflige,
1001 3487 1041 3541 ut
1055 3479 1207 3540 homines

237 3595 396 3650 senatos
421 3585 568 3648 sct'ant.’'
611 3583 664 3646 Sic
691 3585 788 3669 igitur
817 3581 958 3646 absurda
988 3583 1127 3646 absurde
1152 3603 1208 3645 ex·

235 3694 410 3781 plicantur.
456 3696 497 3756 At
532 3693 691 3755 Graecum
723 3711 790 3753 non
824 3700 887 3766 est,
924 3691 1037 3753 dixerit
1069 3691 1206 3776 aliquis,

237 3805 407 3890 α’ποτέμνειν
429 3804 492 3867 τινὰ
513 3805 566 3872 τὴν
586 3800 721 3892 κεφαλήν.
747 3810 900 3885 paratum
919 3799 1016 3862 babet
1036 3799 1116 3875 hoe,
1139 3819 1207 3884 quo

236 3913 339 3975 omnis
372 3912 478 3976 sanior
508 3909 724 3972 Grammatica
757 3908 964 3992 pervertitur:
1002 3907 1108 3973 »Nihil
1141 3911 1207 3970 lere

232 4021 392 4108 vulgatius
422 4040 523 4106 quam
550 4015 699 4103 privandi
729 4013 889 4080 vocabula
919 4017 954 4078 in
980 4013 1105 4078 Graeco
1138 4037 1203 4079 ser·
