3100 4942
760 518 857 602 75,

295 753 329 810 et
361 737 587 834 ὀρνιθορύλαξιν,
615 737 731 826 sorte·
749 738 791 804 id
814 739 899 806 allis
925 731 1119 828 placuerit,
1153 745 1277 832 quibua

297 855 418 940 volupe
441 859 492 916 est
510 853 629 936 polius
651 857 830 926 auctores,
855 858 894 914 at
917 860 1061 928 uocant,
1094 855 1274 922 emendare

298 984 401 1049 quom
427 958 618 1043 explicare,
644 979 728 1022 sanc
750 959 910 1021 instituto
928 960 977 1022 od
993 962 1096 1024 bonos
1116 971 1273 1028 auctores

295 1059 566 1147 iniuriosissimo
587 1074 619 1127 el
640 1066 688 1127 ad
704 1068 847 1150 iugenio
866 1068 1026 1132 iuvenum
1044 1073 1275 1146 studiosorum

299 1175 545 1262 corrumpendo
562 1173 885 1260 praesentt'sslmo.”
922 1174 1028 1255 Quam
1048 1178 1163 1242 vellem
1181 1203 1274 1265 prae·

295 1283 521 1347 stantissimum
551 1303 718 1369 quemque
740 1282 893 1345 iuvenum
919 1294 1102 1349 nostrorum
1126 1288 1173 1350 sic
1198 1309 1273 1352 cor-

292 1393 401 1477 rumpi
424 1402 459 1454 ut
482 1393 626 1476 ineptum
654 1389 876 1485 ὀρνιὲορύλαξιν
905 1395 1065 1478 patienter
1093 1397 1176 1461 ferre
1205 1417 1274 1462 non

295 1502 406 1589 possit.
444 1503 567 1564 Horum
590 1501 615 1563 si
638 1523 711 1586 quis
732 1502 814 1564 forte
844 1502 987 1578 dubitet,
1012 1505 1092 1568 sciat
1118 1505 1152 1568 in
1174 1507 1272 1571 unico

296 1608 410 1670 codice
430 1603 612 1669 charitonis
633 1609 756 1694 liquido
776 1610 933 1694 scriptum
954 1629 1019 1671 esse
1039 1604 1269 1706 ὀπισθοφύλαξιν.

338 1713 415 1802 Peg.
439 1715 493 1778 23.
517 1713 624 1778 Peius
648 1718 751 1776 elium
781 1703 858 1778 aral
884 1716 944 1779 ubi
970 1719 1131 1784 intricati
1157 1725 1271 1811 lechy-

293 1822 505 1910 graptoram
538 1843 667 1896 nexus,
704 1823 832 1907 siglae,
869 1823 1040 1890 scribendi
1071 1834 1270 1920 compendia
1381 1855 1384 1859 ’

297 1940 330 1994 ct
358 1931 523 2026 uocabulo
552 1931 732 1993 decurtata
754 1931 1021 1997 describentibus
1046 1945 1185 2026 negotio
1200 1941 1269 2026 fa·

297 2039 497 2125 cessabant).
522 2040 575 2101 Est
595 2037 671 2101 mihi
685 2039 809 2102 animus
826 2040 867 2101 de
885 2050 953 2103 toto
973 2041 1037 2106 hoc
1056 2064 1172 2131 genere
1191 2050 1269 2114 alias
1376 2096 1378 2101 -

246 2215 250 2221 ,
296 2149 427 2233 copiose
447 2146 645 2233 exponendi:
678 2169 767 2210 nunc
791 2169 833 2210 ne
860 2150 1029 2235 tetigissem
1057 2154 1191 2238 quidem
1212 2160 1272 2222 nisi

296 2277 373 2320 casu
400 2257 544 2343 quodam
574 2256 653 2319 mihi
684 2268 785 2320 essent
816 2258 859 2320 ad
888 2279 1019 2324 manum
1049 2275 1202 2351 excerpta
1229 2287 1269 2332 ex
1365 2243 1368 2246 ⁴

293 2367 418 2451 optimo
437 2364 552 2429 codice
573 2363 808 2440 Laurentiano,
833 2367 1105 2449 quocontinetur
1124 2374 1188 2436 vita
1207 2375 1270 2460 Py-

294 2478 449 2564 thagorae
472 2476 514 2540 ab
539 2475 721 2539 Iamblicho
740 2498 779 2539 ex
802 2477 1039 2560 antiquioribus
1056 2481 1269 2565 scriptoribus

297 2588 505 2662 Aristoxeno,
530 2583 749 2661 Nicomacho,
772 2585 841 2648 aliis
859 2596 1028 2651 contexta:
1050 2609 1089 2650 ex
1112 2610 1151 2653 eo
1171 2589 1271 2676 igitur

291 2697 374 2760 libro
394 2697 558 2760 luculenta
577 2695 701 2778 aliquot
722 2693 870 2778 exempla
889 2693 984 2758 huius
1002 2697 1046 2759 rei
1064 2717 1263 2782 expromam.

291 2809 422 2894 Legitur
452 2825 540 2870 nunc
572 2803 662 2887 apud
697 2801 915 2866 lamblichum
946 2805 964 2887 ς
990 2805 1043 2869 27.
1090 2807 1265 2900 Πυθαγόρας

295 2917 458 2982 σννετίλεσε
479 2918 530 2984 τὴν
550 2911 614 2990 περὶ
636 2920 695 2978 τῶν
723 2913 860 3004 οὐρανίων
882 2911 1027 2999 ἐπες-ήμην
1053 2913 1168 2977 καί-
1188 2918 1265 2983 ἀπο·

292 3023 414 3104 δείξεσιν
433 3061 479 3072 -
499 3026 698 3114 ἀριθμητικοῖς
720 3023 770 3090 καὶ
791 3027 999 3116 γεωμετρικαῖς
1023 3021 1168 3089 (litlebec.
1204 3026 1268 3092 Co·

293 3179 372 3250 dex,
399 3177 485 3241 unde
507 3177 622 3263 reliqui
646 3196 755 3238 omnes
776 3175 957 3238 fluxerunt:
990 3138 1057 3242 lui
1075 3175 1111 3237 id
1132 3187 1179 3239 est
1202 3175 1263 3263 διέ·

293 3285 404 3372 λαβεν,
415 3285 575 3349 constanti
589 3306 646 3346 usu
659 3281 967 3376 tachygraphorum.
982 3283 1001 3366 §
1017 3283 1068 3347 72.
1086 3288 1264 3377 προσέταττε

292 3399 401 3466 σιωπὴν
428 3404 571 3464 πενταετῆ
599 3395 828 3482 ἀποπειρώμενος
858 3397 921 3464 πῶς
947 3389 1099 3482 ἐγκρατῶς
1127 3399 1264 3484 ἔχουσιν,

293 3507 385 3592 quod
407 3505 567 3568 Graecum
594 3525 661 3567 non
687 3513 743 3565 est.
790 3500 855 3564 Sed
877 3502 960 3563 male
983 3503 1191 3606 pxpleverunt
1217 3509 1266 3569 le.

293 3638 433 3700 ctionem
455 3634 622 3718 archetypi
647 3631 786 3696 codicis:
809 3638 873 3706 πῶς
898 3611 989 3723 ἔγκρᾶ
1021 3633 1126 3696 idest
1155 3633 1263 3728 ἐγκρα.

293 3746 382 3822 τείας.
405 3747 505 3830 paulo
524 3754 612 3830 post:
638 3741 667 3808 ἐν
685 3741 723 3814 δὴ
743 3749 786 3831 τῷ
801 3745 899 3833 χρόνῳ
919 3743 1012 3833 τούτῳ
1031 3744 1136 3831 τὰμὲν
1154 3745 1264 3822 ἑκοίςοο

290 3899 467 3993 ὑπάρχοντα
489 3899 619 3972 τοντίςιν
641 3897 672 3961 αἱ
693 3895 787 3961 οὐσίαι
804 3895 968 3962 ε’κοινοῦντο.
994 3895 1077 3960 God.
1095 3897 1149 3964 ἑκα
1170 3899 1263 3984 quod

288 4009 460 4098 legendum
472 4016 539 4071 crat
551 4005 665 4096 ἑκοίςῳ.
680 4007 772 4069 simul
786 4005 890 4070 obiice
902 4005 1054 4091 putidum
1064 4006 1263 4072 additamen-
