3100 4942
786 496 832 568 58

316 743 405 786 mum
424 710 692 803 fragmentum).
724 712 825 797 Apud
845 712 1047 796 Simplicium
1067 714 1102 777 iu
1123 735 1290 784 commcn-

320 833 400 894 tario
423 838 511 889 sexto
535 826 576 887 ad
604 823 740 907 Physica
770 822 945 884 Aristotelis
967 845 999 905 p.
1024 822 1099 887 216.
1124 824 1232 916 εἴρηται
1252 827 1289 895 δὲ

319 937 368 1004 καὶ
396 938 534 1026 πρότερον
565 937 607 996 ὅτι
639 932 678 996 τά
709 927 761 1018 μὲν
790 929 873 993 πέντε
902 925 1006 1011 βιβλία
1034 932 1073 994 τά
1103 931 1159 1021 πρδ
1189 937 1291 1002 τούτου

320 1048 437 1116 Φυσικὰ
457 1045 599 1128 καλοῦσι,
623 1044 662 1106 τὰ
684 1039 715 1106 δ’
737 1040 870 1106 ἐντεῦθεν
886 1040 952 1131 τρία
966 1038 1028 1132 περὶ
1046 1047 1196 1119 κινήσεως.
1217 1051 1290 1114 οὕτω

320 1161 380 1251 γὰρ
395 1155 444 1221 καὶ
463 1148 645 1246 Ἀνδρόνικος
662 1151 690 1216 ἓν
710 1158 752 1240 τῷ
770 1151 860 1241 τρίτῳ
881 1147 988 1238 βιβλίῳ
1011 1156 1068 1214 τῶν
1088 1149 1293 1242 Ἀριςοτέλους

321 1266 385 1360 περὶ
399 1271 539 1338 κινήσεως
552 1261 768 1343 διατάττεται,
785 1261 996 1348 μαρτυροῦντος
1010 1255 1076 1349 περὶ
1094 1267 1152 1326 τῶν
1170 1267 1293 1355 πρώτων

323 1377 372 1442 καί
386 1378 563 1466 Θεοφράςου
573 1425 585 1457 ,
608 1369 779 1462 γράψαντος
798 1365 938 1454 Εὔδήμου
954 1367 1026 1457 περί
1043 1391 1114 1446 τινος
1135 1372 1217 1463 αὐτῷ
1236 1383 1294 1440 τῶν

323 1484 560 1576 διημαρτημένον
594 1483 782 1569 ἀντιγράφων
816 1476 896 1540 κατὰ
932 1477 965 1542 τὸ
997 1479 1127 1565 πέμπτον
1160 1480 1290 1569 βιβλίον.

323 1594 419 1686 ὑπὲρ
453 1591 521 1677 ὧν,
554 1590 657 1682 φησὶν,
688 1587 899 1662 ε’πέςειλας
929 1588 1094 1655 κελεύων
1127 1617 1169 1679 με
1201 1600 1293 1687 γρά-

326 1706 396 1792 ψαι
426 1700 490 1766 καὶ
513 1699 727 1774 αποςεῖλαι
749 1695 789 1759 ἐκ
820 1705 893 1789 τῶν
921 1706 1093 1788 φυσικῶν
1115 1709 1197 1770 ἤτοι
1220 1705 1297 1793 ἐγὼ

325 1815 365 1878 οὐ
404 1811 557 1898 ξυνίημι
594 1810 612 1878 ἢ
653 1811 789 1897 μικρόν
827 1831 862 1872 τι
902 1807 1102 1884 παντελῶς
1139 1815 1221 1898 ἔχει
1257 1815 1299 1881 τδ

326 1923 398 1985 ἀνά
429 1921 543 2007 μέσον
572 1922 636 1982 τοῦ
665 1920 757 2006 ὅπερ
789 1918 947 2006 ἠρεμεῖν
977 1916 1081 1981 καλῶ
1111 1927 1184 1985 τῶν
1214 1925 1312 1988 o’tnr·⁸

325 2039 445 2103 νήτων
479 2029 614 2116 μόνον,
646 2022 836 2088 ἐναντίον
862 2025 937 2113 γὰρ
975 2026 1117 2116 ἠρεμία
1149 2037 1296 2101 κινήσει

326 2151 400 2217 ῶςε
430 2140 589 2231 ςέρησις
623 2134 751 2202 ἂνεῖη
786 2138 849 2198 τοῦ
884 2132 1080 2198 δεκτικοῦ.
1105 2143 1165 2211 ῶςε
1188 2139 1238 2203 καὶ
1265 2141 1298 2206 τὸ

327 2252 457 2339 πέμπτον
480 2243 594 2330 βιβλίον
619 2242 634 2304 ὁ
656 2242 828 2331 Θεόφραςος
855 2239 887 2304 ἐκ
911 2250 968 2307 τῶν
989 2252 1116 2334 φυσικῶν
1139 2250 1256 2335 νομίζει.

345 2360 441 2444 -Pag.
465 2358 519 2419 22.
554 2351 799 2414 Homuncionee
821 2353 960 2436 antiqui
982 2356 1149 2416 sermonis
1171 2378 1299 2443 purum

320 2469 432 2553 periti
456 2466 550 2526 nacti
572 2468 719 2522 uetustos
741 2459 845 2520 libros
867 2463 905 2520 r'n
931 2461 1054 2544 quibus
1086 2461 1209 2528 literae
1231 2488 1299 2528 om·

325 2596 472 2639 necnon
496 2571 651 2633 diremtio
673 2567 820 2653 singulis
846 2569 1019 2631 vocubulis
1051 2571 1161 2633 eodem
1185 2581 1311 2638 tenore*

325 2679 636 2751 continuabantur,
661 2675 845 2737 ridiculum
865 2678 904 2737 in
925 2677 1056 2740 modum
1076 2679 1206 2742 similer
1225 2681 1319 2763 litcg

324 2811 444 2856 rurum
467 2785 608 2868 formae
637 2779 870 2864 confundunt,
903 2776 1138 2869 coniungenda
1168 2788 1298 2852 distru-

325 2903 429 2971 hunt,
472 2895 679 2978 disiungunt
710 2891 967 2975 contrahenda).
1012 2894 1126 2957 Mirum
1157 2917 1224 2959 non
1252 2910 1300 2962 cot

323 3005 516 3070 recentiores
543 2998 719 3062 Graeculos
745 2999 779 3060 in
805 2998 842 3060 iis
869 3003 1007 3085 graviter
1036 3024 1162 3080 errare,
1197 3029 1300 3091 quum

326 3121 450 3178 constet
471 3111 557 3194 ipsos
576 3115 696 3167 veteres
716 3105 844 3189 saepius
862 3105 896 3167 in
917 3127 956 3168 ea
971 3129 1006 3168 re
1025 3109 1187 3173 titubasse.
1224 3112 1301 3176 Tur·

325 3226 375 3310 pis
409 3240 498 3283 error
528 3224 573 3277 est
603 3212 757 3276 Athenaei
789 3213 845 3275 XI.
879 3237 912 3298 p.
941 3214 1021 3291 500,
1061 3218 1115 3280 ubi
1145 3218 1187 3279 de
1220 3239 1300 3283 voce

328 3331 433 3422 σκύφος
462 3327 617 3388 disserens
640 3344 678 3384 ex
704 3322 837 3407 Ephoro
866 3323 948 3386 haec
972 3324 1079 3387 affert:
1111 3323 1242 3391 ἐκαλεῖτο
1262 3326 1301 3394 δὲ

329 3441 377 3507 καί
410 3434 591 3529 Δερκυλίδας
622 3435 636 3498 ὁ
668 3433 896 3521 Λακεδαιμόνιος
933 3436 1096 3525 σκύφος,
1135 3443 1174 3511 ὣς
1215 3461 1303 3529 φησιν

327 3551 454 3644 Ἔφορος
471 3549 504 3640 ιἓν
530 3557 565 3633 τῇ
588 3542 831 3632 ὀκτωκαιδεκάτη
857 3543 949 3632 λέγων
968 3548 1071 3620 οὕτως·
1105 3545 1299 3636 Λακεδαιμό·

328 3687 377 3728 νιοι
405 3659 469 3724 ἀντὶ
496 3656 647 3749 Θίβρωνος
680 3653 862 3748 Δερκυλίδαν
890 3656 1026 3742 ἔπεμψαν
1051 3656 1090 3728 εἰς
1117 3660 1171 3728 τὴν
1198 3657 1300 3724 Ἀσίαν

328 3771 477 3843 ἀκούοντες
500 3773 543 3832 ὅτι
566 3769 666 3830 πάντα
689 3768 829 3854 πράττειν
843 3763 982 3827 εἰώθασιν
999 3765 1024 3828 οἱ
1045 3763 1110 3856 περὶ
1132 3769 1183 3835 τὴν
1200 3765 1302 3831 Ἀσίαν

330 3878 476 3972 βάρβαροι
509 3875 573 3966 μετ’
610 3877 729 3948 ἀπάτης
760 3871 810 3937 καὶ
841 3870 940 3938 δολου.
982 3874 1087 3967 Διόπερ
1120 3875 1303 3970 Δερκυλίδαν

329 3989 465 4076 ἔπεμψαν
483 3995 573 4061 ἥκιςα
589 3984 748 4070 νομίζοντες
768 3979 1067 4060 ἐξαπατηθήσεσθαι.
1089 3982 1203 4076 ἦνγὰρ
1220 3985 1304 4051 οὐδὲν
