3100 4942
782 502 832 576 90

324 728 360 805 ἦν
379 728 591 818 provulgata
613 722 765 791 codicum
783 723 943 809 scriptura
964 730 1052 794 σῶον.
1087 723 1296 813 Quamquam

326 842 411 904 enim
439 856 554 920 saepe,
591 842 626 895 ut
654 832 797 907 ostendi,
822 832 931 917 lapsus
957 844 1019 911 est,
1050 844 1246 900 nontamen
1268 838 1298 901 ei

321 948 410 1012 nulla
430 946 499 1009 laus
517 951 563 1006 est
583 942 768 1006 tribuendas
785 942 851 1004 imo
866 944 993 1027 saepius
1009 955 1040 1007 et
1059 946 1087 1007 is
1103 954 1135 1007 et
1154 946 1208 1008 alii
1227 965 1298 1009 cor·

323 1064 462 1119 rectores
490 1051 604 1116 Graeci
633 1051 881 1138 ingeniosissime
906 1053 1062 1116 nonnulla
1089 1054 1297 1119 restituerunt

323 1181 431 1247 neque
465 1180 621 1245 umquam
650 1159 790 1222 sollertia
818 1168 850 1221 et
870 1159 1034 1245 ingenium
1066 1159 1207 1224 Graecos
1235 1161 1298 1225 hc·

239 1265 241 1269 ’
324 1270 425 1334 mines
457 1288 587 1354 prorsus
619 1267 748 1329 defecit.
784 1265 860 1333 Vidi
888 1266 1041 1351 equidem
1067 1267 1102 1330 in
1132 1268 1296 1334 ldarciano

325 1379 458 1455 codice,
474 1396 542 1462 quo
559 1376 679 1462 scripta
692 1376 855 1460 quaedam
868 1375 1034 1439 Plutarchi
1047 1376 1178 1440 Moralia
1196 1378 1298 1441 conti-

323 1497 455 1563 nentur‚
469 1486 685 1549 correctiones
696 1484 936 1571 complusculus
947 1484 1158 1547 acutissimea
1172 1483 1297 1547 Graeco

326 1596 447 1658 lectore
465 1602 622 1679 repertas.
653 1591 693 1656 In
714 1612 752 1655 ec
780 1601 903 1655 tantum
926 1591 1111 1677 culpandus
1131 1591 1229 1655 humo
1250 1600 1299 1655 est

325 1703 418 1789 quod
435 1702 559 1787 ubique
577 1712 698 1766 veteres
713 1701 868 1763 lectiones
881 1711 1042 1786 quantum
1059 1702 1166 1787 potuit
1182 1702 1297 1778 erasit,

327 1823 366 1876 ut
382 1833 455 1876 suas
484 1811 687 1876 coniecturas
709 1830 777 1874 nun
802 1829 912 1871 omnes
933 1830 1039 1895 ecque
1059 1808 1162 1873 bonas
1182 1809 1300 1873 substi-

328 1930 447 1995 tueret,
472 1940 558 2005 quae
573 1940 623 1983 rcs
640 1920 674 1982 in
692 1918 777 1981 bona
799 1928 892 2003 parte
913 1918 1066 1983 codicum
1084 1920 1302 1985 recentiorum

327 2030 458 2093 criticos
490 2039 683 2094 transversos
714 2049 811 2116 agere
843 2030 968 2093 assolet.
1019 2028 1157 2093 Eosdem
1193 2037 1302 2093 tamen

324 2147 524 2203 correctores
553 2148 585 2202 et
613 2140 811 2225 antiquiores
839 2149 871 2203 ct
899 2140 1092 2203 recentiores
1122 2138 1157 2201 in
1186 2136 1302 2202 iisdem

326 2246 434 2324 libris,
457 2267 540 2332 quos
568 2257 634 2311 tam
660 2248 796 2311 licenter
816 2248 987 2312 emendare
1008 2247 1174 2322 solebant,
1205 2246 1302 2332 plura

324 2355 493 2442 sugerunt,
529 2374 615 2440 quae
648 2356 707 2439 per
740 2374 881 2417 errorem
913 2354 1052 2418 barbare
1085 2363 1142 2417 aut
1174 2352 1301 2417 soloece

327 2464 447 2549 scripta
478 2462 564 2525 lucili
590 2462 719 2548 negotio
754 2460 878 2525 Graeca
907 2460 978 2524 lieri
1004 2470 1166 2547 poterant.
1211 2458 1300 2528 Nou·

327 2573 433 2637 nullos
453 2572 624 2638 miraturos
645 2568 784 2632 arbitror
800 2570 825 2632 si
849 2570 959 2633 dixero
982 2570 1016 2634 in
1033 2570 1195 2655 plerisque
1213 2568 1305 2632 libris⁴

329 2679 458 2743 Graecis
475 2680 576 2743 multa
593 2676 703 2741 adhuc
721 2678 785 2763 legi
801 2678 970 2741 manifesto
987 2687 1159 2763 corrupta,
1181 2674 1304 2761 quibus

328 2788 465 2876 graviter
487 2796 645 2872 peccatur
662 2787 696 2849 in
717 2806 770 2848 eas
792 2786 877 2871 ipsas
901 2786 1031 2872 linguae
1053 2784 1197 2848 Graecae
1218 2784 1303 2869 leges

330 2894 371 2958 de
392 2892 511 2978 quihus
530 2894 613 2955 iuter
634 2911 745 2955 omnes
766 2891 892 2955 dudum
914 2902 1064 2955 constare
1084 2910 1195 2953 omues
1216 2889 1303 2952 arhi-

328 3012 464 3066 trantur.
499 3001 599 3063 ldulta
618 2998 772 3073 barbare,
795 2998 933 3083 plurima
952 2999 1080 3063 soloece
1098 2998 1187 3062 dicta
1203 2998 1254 3062 vel
1269 2998 1303 3061 in

329 3111 444 3176 Atticis
461 3108 672 3195 scriptoribus
689 3108 828 3171 editores
852 3128 960 3192 aequo
981 3109 1089 3171 animo
1107 3109 1226 3172 terunt.
1249 3106 1305 3169 Sa-

330 3222 370 3285 tis
392 3238 555 3305 superque
583 3227 629 3280 est
655 3217 688 3279 in
719 3236 785 3278 uno
814 3215 908 3301 Lysia
940 3215 1027 3279 unde
1048 3216 1113 3278 hoc
1143 3216 1302 3277 evincam.

331 3330 473 3393 Primum
486 3327 585 3413 igitur
601 3346 639 3389 ea
655 3345 803 3411 arguam,
821 3344 908 3409 quae
924 3322 1061 3386 barbare
1076 3344 1166 3387 nunc
1181 3325 1304 3410 scripta

331 3446 423 3513 suut,
449 3434 566 3499 deiude
594 3434 657 3497 alia
687 3433 857 3518 complura
880 3430 999 3494 addam
1021 3452 1107 3515 quae
1128 3452 1236 3517 neque
1257 3452 1306 3493 ra-

332 3548 379 3609 tio
401 3563 508 3628 neque
527 3563 602 3606 usus
619 3542 718 3604 Attici
741 3539 894 3602 sermonis
913 3559 1067 3622 umquam
1090 3539 1249 3615 tulerunt,
1269 3539 1304 3602 id

333 3662 379 3716 est
401 3672 457 3728 ea,
485 3672 571 3736 quae
595 3650 691 3713 Attici
717 3651 767 3714 vel
793 3650 925 3712 omniuo
953 3647 1069 3711 Graeci
1089 3657 1221 3713 veteres
1242 3669 1304 3713 nec

333 3762 483 3825 dixerunt
508 3780 663 3845 umquam
687 3780 749 3822 nec
777 3760 883 3824 dicere
909 3767 1103 3843 potuerunt,
1134 3778 1173 3820 ac
1199 3767 1307 3820 tamen

327 3889 394 3956 'per
408 3888 507 3933 novas
528 3886 654 3951 semper
671 3865 828 3929 editiones
845 3875 1070 3953 propagantur
1088 3874 1120 3927 et
1139 3874 1306 3949 tamquam

334 3978 417 4045 bene
433 3976 557 4043 Graeca
574 3975 801 4039 auctoritatem
816 3984 847 4037 ct
862 3974 962 4038 fidem
978 3954 1074 4039 etiam
1091 3972 1181 4061 apud
1196 3970 1307 4061 Gram-
