3100 4942
771 568 819 638 50

313 792 459 854 utnulla
483 811 556 876 spes
581 788 690 852 salutis
713 787 866 872 supersit,
889 805 973 872 quos
997 795 1105 848 tamen
1127 786 1221 848 multi
1244 795 1292 848 te-

316 901 458 962 merariis
480 898 674 962 coniecturis
700 906 828 959 vexant.
854 895 928 958 vide
960 916 1005 960 vs.
1033 893 1081 958 18.
1102 892 1155 958 38.
1181 894 1226 957 42
1242 911 1293 978 sq.

319 1003 363 1068 54
381 1027 429 1087 sq.
454 1002 498 1066 59
519 1024 568 1088 sq.
591 1001 645 1065 66.
669 1001 722 1065 98.
748 1002 848 1065 Multa
870 1002 934 1064 iam
957 1001 1122 1088 palmeriis
1144 1003 1295 1064 emendo-

319 1113 461 1175 tionibus
472 1111 676 1174 restituerunt
697 1108 855 1195 Heringo,
872 1109 1104 1184 Ruhnkenius,
1123 1107 1294 1173 Porsenus.

322 1219 431 1284 Pauca
456 1220 519 1284 elia
540 1218 724 1281 etiamnunc
746 1227 881 1303 possunt
902 1219 968 1280 erui
980 1266 990 1296 ,
1012 1218 1111 1281 veluti
1132 1220 1166 1282 in
1188 1240 1231 1283 vs.
1253 1220 1298 1284 27

320 1350 395 1414 sqq.

410 1432 503 1508 Αὐτὸς
526 1429 555 1496 ’λ’
578 1424 659 1504 οὗτος
683 1428 783 1506 άοιδός
792 1484 805 1515 ,
829 1430 858 1496 ὃν
879 1430 912 1497 ἐκ
936 1434 1002 1509 Διὸς
1024 1437 1096 1500 αἶσα
1117 1432 1261 1525 φυλάσσει
1270 1487 1284 1520 ,

501 1539 603 1614 ἤδιςον
625 1544 744 1605 πάντων
766 1539 894 1629 δαίμονα
917 1544 1127 1630 μουσοπόλων,

413 1651 519 1718 λεπτὴν
542 1648 572 1714 δ’
595 1651 632 1724 εἷς
653 1648 773 1719 Ἰθάκην
794 1653 950 1717 ἁνετείνετο
973 1653 1043 1729 θεῖος
1066 1652 1198 1742 'Oropos

500 1756 610 1844 ᾠδῇσιν
632 1766 752 1830 πινυτῆς
775 1764 867 1822 εἵνεκα
889 1758 1070 1836 Πηνελόπης.

322 1867 405 1930 haec
430 1887 519 1930 nunc
542 1887 635 1930 sensu
668 1885 773 1930 vacua
803 1877 895 1943 sunt,
920 1889 1019 1953 quem
1041 1871 1159 1954 purtim
1180 1870 1298 1954 recipi·

322 1986 376 2039 ent
397 1976 421 2038 si
445 1975 573 2060 legeris:

502 2080 565 2170 ᾔδει
588 2079 637 2145 τὸν
659 2085 780 2146 πάντων
802 2080 929 2169 δαίμονα
952 2081 1148 2169 μουσοπόλων.
1234 2138 1239 2147 .

351 2188 517 2254 Homerus
528 2212 661 2276 quoque
677 2195 835 2277 cognovit
847 2194 994 2254 omnium
1002 2199 1180 2274 poetarum
1190 2191 1300 2264 deum,
1349 2239 1350 2242 ι

323 2301 486 2362 Amorem.
512 2298 576 2362 Sed
597 2301 631 2362 in
655 2299 819 2384 plerisque
846 2299 916 2361 eliis
942 2319 1041 2384 opero
1065 2300 1206 2362 luditur:
1226 2298 1301 2361 viti·
1352 2364 1355 2368 A

325 2427 379 2468 um
402 2416 447 2468 est
469 2408 568 2491 ipsius
588 2413 720 2492 polites,
747 2409 806 2492 qui
827 2417 883 2471 aut
905 2408 1024 2472 infelici
1057 2407 1196 2472 audacia
1220 2408 1302 2470 mul·

325 2529 357 2582 tu
382 2519 414 2579 in
435 2522 540 2604 patrio
563 2541 708 2583 sermone
729 2522 877 2596 novavit,
902 2541 988 2605 quae
1009 2540 1104 2583 nemo
1124 2516 1302 2601 intelligere

327 2626 447 2690 nedum
469 2628 576 2688 mirari
602 2627 718 2711 possit,
746 2635 801 2688 aut
830 2626 928 2689 verba
958 2626 1125 2690 modulata
1148 2645 1187 2687 ac
1220 2646 1300 2714 τεμε-

329 2738 459 2824 τίσμοιτα
496 2735 624 2808 fundit,
664 2757 782 2820 porum
813 2736 847 2797 in
884 2745 1072 2822 argumento
1099 2734 1235 2798 ioculari
1264 2754 1306 2795 ac

328 2847 450 2911 levido
472 2844 669 2929 singulorum
690 2844 845 2906 sententia
863 2843 1027 2906 sollicitus.
1052 2841 1142 2906 Idem
1160 2839 1306 2904 ridemus

330 2956 364 3016 in
389 2952 552 3016 nonnullis
577 2952 681 3034 po'e'tis
715 2952 828 3012 aetatis
852 2959 995 3027 nostrae,
1032 2950 1089 3035 qui
1116 2949 1174 3010 toti
1194 2945 1306 3011 verbo·

329 3083 401 3124 rum
436 3061 609 3124 luminibus
645 3060 830 3135 collucent,
868 3079 1010 3144 quorum
1041 3058 1230 3122 senteutiam
1265 3077 1308 3119 ne

331 3169 391 3252 ipsi
434 3169 568 3252 quidem
605 3168 678 3230 satis
711 3177 800 3230 certo
845 3167 1045 3252 perspiciunt
1077 3165 1133 3228 sed
1165 3165 1307 3229 obscuro

336 3276 482 3362 quodam
500 3297 591 3341 seusu
616 3278 838 3362 suspicantur,
863 3295 932 3359 quo
959 3274 983 3336 si
1011 3273 1086 3359 quis
1112 3281 1221 3335 careat
1246 3293 1312 3336 me·

337 3389 398 3450 lius
421 3385 462 3448 ab
484 3405 594 3448 eorum
618 3385 755 3447 lectione
785 3391 817 3446 et
838 3381 1101 3466 interpretatione
1124 3379 1306 3446 abstinebit.

337 3497 410 3560 Huc
442 3495 546 3558 relero
573 3493 663 3577 opud
689 3489 981 3553 Hermesianactem
1014 3488 1100 3551 istud
1125 3486 1156 3552 ὃν
1184 3487 1218 3554 ἐκ
1244 3489 1312 3566 Διὸς

339 3605 413 3668 αἶσα
439 3603 602 3693 φυλάσσει,
630 3597 722 3684 quod
751 3596 833 3680 quid
865 3595 995 3659 taudem
1020 3595 1080 3659 sibi
1108 3600 1185 3663 velit
1218 3620 1314 3664 nemo
1390 3684 1392 3687 Ι

337 3731 399 3798 pro
433 3721 523 3776 certo
556 3710 655 3772 dieat.
708 3705 857 3767 Eiusdem
886 3705 1010 3790 generis
1038 3716 1084 3769 est
1114 3730 1189 3772 usus
1224 3707 1314 3773 verbi

340 3819 501 3896 ςέλλοσθαι
523 3840 567 3884 vs.
593 3818 616 3882 2
637 3815 779 3906 Θρῇσσαν
799 3812 969 3900 ςειλάμευος
989 3814 1109 3906 κιθάρην
1130 3827 1162 3880 et
1179 3817 1224 3880 52
1242 3815 1315 3891 ςιλ·

341 3929 462 4016 λομέννν
496 3928 619 4002 πολλαῖς
653 3932 770 4014 ἄμμιγα
802 3924 969 4012 Λεσβιάσιν
979 3980 993 4013 ,
1025 3926 1083 3991 ubi
1117 3927 1319 3990 Hermaunus

342 4048 449 4103 censet
477 4036 659 4125 significare
690 4035 970 4124 μεταπεμπομέυην,
1001 4036 1050 4100 od
1072 4058 1176 4123 quom
1206 4037 1316 4101 mullo
