3100 4942
739 603 761 673 7

269 844 388 894 eorum
415 823 562 914 labores,
578 824 646 917 ‘qui
667 835 782 894 nostra
803 826 997 919 praesertim
1023 825 1184 896 memoria
1197 852 1233 897 e·

269 943 407 1011 remotis
424 942 537 1012 Indiae
563 941 755 1028 recessibus
768 965 872 1013 novas
892 944 961 1012 vias
981 943 1024 1014 ad
1042 948 1222 1041 retegenda

268 1058 406 1129 humani
427 1064 588 1131 sermonis
608 1061 791 1157 primordia
813 1072 1035 1158 aperuerunt:
1053 1065 1131 1137 laeti
1149 1091 1222 1161 gra-

267 1179 361 1271 tique
387 1179 492 1249 felicis
519 1179 688 1250 sollertiae
710 1182 921 1250 suavissimas
943 1183 1107 1276 primitias
1128 1212 1226 1260 acce·

155 1313 158 1324 '
265 1299 379 1392 pimus
413 1322 490 1369 nec·
506 1323 589 1370 vana
619 1322 678 1393 spe
709 1298 811 1395 plura
836 1302 870 1370 in
901 1301 989 1373 diem
1020 1313 1053 1375 et
1081 1308 1222 1377 certiora

264 1426 401 1488 erutum
420 1419 460 1486 iri
485 1425 729 1513 exspectamus.
779 1419 845 1490 Sed
870 1421 1098 1495 Grammatico
1126 1433 1223 1496 rete·

265 1559 318 1606 res
350 1537 584 1632 interpretanti
617 1536 699 1606 haec
726 1539 835 1632 prima
859 1563 940 1609 eura
965 1551 1031 1632 est,
1061 1552 1101 1613 ut
1130 1544 1228 1637 quod·

264 1657 359 1728 adest
383 1667 564 1750 cognoscat
583 1666 617 1728 et
640 1658 775 1751 linguae
796 1662 984 1755 superstitis
1004 1672 1221 1734 monumenta

263 1787 481 1874 perscrutans
502 1778 668 1871 cuiusque
688 1776 844 1848 vocabuli
868 1775 1011 1847 formam
1031 1787 1066 1849 et
1087 1802 1226 1850 sensum-

264 1896 309 1966 ab
333 1899 414 1991 ipsis
440 1895 609 1966 veteribus
633 1896 750 1966 discat.
799 1896 887 1966 Sunt
909 1898 1036 1991 quibus
1061 1898 1126 1969 hoc
1152 1909 1241 2003 stu-0

266 2017 361 2087 dium
387 2017 461 2088 leve
489 2026 668 2111 totumque
692 2019 727 2088 in
754 2018 993 2089 minutioribus
1013 2019 1151 2092 haerere
1173 2025 1222 2092 ri·

262 2135 394 2207 deatur.
444 2137 553 2225 Quam
585 2136 705 2206 vellem
728 2136 849 2205 harum
877 2138 1225 2214 minutiarumacou-

262 2265 369 2326 ratam
406 2261 630 2348 cognitionem
658 2257 818 2328 afferrent
853 2281 989 2348 omnes,
1014 2263 1073 2354 qui
1099 2263 1161 2332 toti
1187 2266 1222 2334 in
1314 2280 1317 2285 '

263 2377 441 2450 altioribus
475 2403 543 2450 non
573 2378 674 2450 verba
704 2380 811 2472 magis
840 2402 942 2472 quarn
970 2401 1022 2448 res
1047 2390 1082 2451 et
1110 2385 1223 2454 notio-

262 2522 322 2570 nes
353 2509 533 2575 seotantur.
584 2501 740 2589 Quorum
773 2499 887 2593 opinio
922 2522 1029 2592 quum
1056 2499 1124 2570 late
1152 2523 1222 2570 ser·

185 2696 187 2700 ,
263 2644 344 2714 pere
368 2621 517 2714 eoeperit
541 2620 800 2716 multorumque
818 2620 948 2688 animos
975 2618 1021 2688 ita
1046 2620 1219 2708 invaserit,
1271 2707 1274 2712 .

264 2748 305 2810 ut
338 2727 418 2811 cum
454 2740 583 2811 minore
617 2738 734 2810 labore
771 2739 872 2834 plura
907 2762 946 2808 ac
977 2742 1220 2833 praestantiora

263 2861 435 2956 extemplo
466 2861 594 2932 discere
625 2860 802 2956 postulent
835 2858 916 2929 huie
947 2861 1053 2930 errori
1085 2869 1221 2932 strenue

263 2982 396 3054 obviam
414 2990 465 3053 est
477 2981 639 3051 eundum.
664 2979 957 3068 Quemadmodum
970 2981 1058 3051 enim
1072 2981 1156 3050 nihil
1170 2990 1222 3051 est

264 3102 426 3174 insulsius
444 3107 478 3170 et
498 3103 603 3194 magis
624 3100 770 3194 puerile,
797 3122 899 3192 quam
922 3100 957 3168 in
979 3098 1134 3170 dictionis
1156 3123 1221 3170 no·

264 3225 307 3294 tis
330 3232 364 3293 et
389 3220 546 3290 formulis
568 3217 767 3311 colligendis
789 3225 931 3286 aetatem
951 3223 1141 3306 conterere,
1171 3220 1219 3288 sie

260 3344 399 3415 illorum
423 3339 633 3411 retundenda
658 3339 774 3409 levitas
795 3346 861 3426 est,
887 3338 946 3431 qui
965 3335 1139 3430 repudiata
1166 3336 1219 3407 vel

263 3463 472 3557 negligenter
495 3469 654 3556 percepta
676 3459 902 3530 Grammatica
925 3457 1055 3526 ratione
1077 3458 1217 3550 scripto·

266 3607 342 3653 rum
367 3581 562 3653 sententiam
585 3577 690 3650 veluti
707 3573 906 3648 hariolando
928 3599 1046 3669 rapere
1064 3598 1099 3646 se
1121 3599 1220 3670 posse

262 3701 479 3771 arbitrantur.
529 3697 705 3794 Quidquid
739 3706 850 3767 mente
884 3705 943 3766 aut
976 3697 1040 3791 ipsi
1070 3697 1219 3792 percipi·

264 3845 360 3912 mus,
379 3832 437 3891 aut
458 3820 642 3914 accipimus
659 3825 858 3913 perceptum
880 3817 925 3887 ab
943 3817 1033 3906 aliis,
1054 3817 1089 3886 id
1107 3815 1219 3888 verbis

262 3944 401 4014 demum
419 3943 587 4035 illigatum
612 3939 754 4032 intelligi
773 3948 899 4034 potest:
924 3941 969 4008 ita
995 3945 1035 4008 ut
1052 3937 1222 4032 quidquid

263 4063 419 4137 audimus
457 4062 509 4133 vel
525 4063 689 4157 ⁴,legimus
725 4087 744 4131 a
779 4060 981 4152 verborum,
1016 4060 1104 4155 duae
1136 4068 1217 4130 sunt
1309 4082 1314 4096 ·
