3100 4942
722 575 770 647 25

268 791 335 863 bus
353 793 470 865 literae
496 815 611 864 omnes
628 816 698 864 non
717 793 870 865 diremtis
888 793 1029 889 singulis
1048 792 1223 866 vocabulis

269 912 387 986 eodem
401 921 516 984 tenore
531 912 828 1004 continuabantur,
843 913 1025 985 ridiculum
1036 917 1071 985 in
1083 913 1224 984 modum

271 1034 394 1104 similes
408 1033 583 1105 literarum
603 1035 727 1106 formas
743 1034 977 1126 confundunt,
989 1034 1224 1128 coniungenda

270 1152 480 1242 distrahunt,
513 1153 713 1249 disiungunt
738 1154 982 1225 contrahenda:
1005 1154 1115 1228 sicubi
1139 1154 1227 1225 liber

270 1270 392 1342 lacuna
405 1271 521 1343 hiabat
534 1283 594 1344 aut
605 1273 788 1369 explebant
801 1274 845 1344 de
860 1297 923 1345 suo
937 1283 997 1345 aut
1013 1273 1225 1344 dissimulato

270 1392 366 1464 hiatu
379 1393 534 1466 funditus
545 1396 810 1490 pessumdabant
822 1398 1029 1467 sententiam:
1042 1392 1102 1464 ubi
1115 1392 1226 1464 litera·

269 1538 348 1585 rum
372 1515 498 1586 ductus
523 1514 653 1585 evanidi
682 1516 863 1586 oculorum
882 1503 998 1586 'aciem
1028 1515 1225 1609 praesertim

270 1634 485 1707 indoctorum
505 1633 688 1726 fallebant,
715 1634 830 1705 locum
853 1634 1019 1706 adsuum
1046 1635 1227 1706 arbitrium

269 1755 305 1826 id
328 1765 379 1826 est
402 1764 528 1841 temera
546 1753 767 1848 refingebant.
786 1816 788 1820 .
804 1755 904 1826 Peius
922 1756 1024 1826 etiam
1049 1764 1139 1845 erat,
1165 1752 1226 1825 ubi

268 1878 414 1948 intricati
430 1873 741 1970 tachygrapborum
758 1898 883 1967 nexus,
910 1853 1032 1969 siglae,
1056 1873 1225 1946 scribendi

270 1997 469 2093 compendia
495 2005 529 2068 et
558 1994 724 2067 vocabula
752 1994 928 2065 decurtata
956 1994 1226 2066 describentibus

268 2119 401 2212 negotia
428 2115 647 2188 lacessebant,
697 2114 858 2184 Nondum
882 2123 994 2184 umen
1020 2115 1073 2184 his
1100 2115 1226 2187 finibus
1322 2104 1325 2108 ⁵

269 2238 461 2309 continetur
470 2235 615 2324 malum,
634 2231 728 2328 quod
742 2241 1042 2304 monumentorum
1055 2242 1225 2328 veterum,

266 2358 378 2430 deleta
399 2367 434 2429 et
454 2357 636 2451 depravata
657 2353 803 2446 genuina
824 2355 1011 2448 scriptura,
1037 2351 1139 2424 fidem
1159 2356 1225 2428 ele-

268 2481 366 2550 vavit.
423 2477 555 2549 Mature
596 2471 797 2568 prodierunt
839 2479 1047 2543 correctores
1085 2472 1225 2566 Graeci,
1320 2463 1324 2469 ¹

267 2598 397 2669 acutuli
431 2595 601 2683 homines,
639 2592 699 2685 qui
733 2589 901 2684 quidquid
929 2612 1000 2659 non
1029 2591 1108 2660 satis
1134 2601 1226 2666 recte

267 2715 449 2813 procedere
475 2711 652 2784 videbatur
676 2734 740 2805 pro
768 2734 830 2780 sua
857 2711 978 2804 peritia
1001 2711 1227 2804 expediebant

268 2841 395 2910 scilicet
427 2844 519 2907 tanta
553 2835 706 2923 levitate,
741 2841 782 2902 ut
811 2855 923 2904 erasae
949 2833 1004 2903 rel
1029 2831 1226 2925 quomodo-

268 2984 416 3053 cumque
441 2958 569 3030 deletae
597 2957 702 3026 veteri
727 2955 865 3025 lectioni
899 2978 982 3025 suas
1017 2954 1227 3024 coniecturas

270 3081 525 3152 substituerent.
573 3075 704 3146 Bonum
728 3075 874 3164 factum,
900 3073 995 3169 quod
1017 3070 1102 3143 bene
1124 3075 1226 3144 multi

271 3208 455 3297 supersunt
488 3193 567 3265 libri
607 3193 753 3282 vetusti,
797 3191 1117 3288 interpolationibus
1154 3195 1226 3264 istis

271 3321 495 3414 antiquiores,
521 3313 612 3385 unde
631 3313 723 3382 fraus
745 3321 887 3408 apparet
904 3320 939 3384 et
960 3313 1033 3407 ipsa
1054 3313 1228 3405 scriptoris
1293 3351 1296 3356 ·

268 3463 389 3513 manus
417 3462 458 3509 ex
490 3434 643 3530 genuinis
673 3433 833 3528 antiquae
862 3433 1050 3526 scripturae
1075 3431 1226 3525 reliquiis

272 3570 368 3634 certa
400 3557 607 3631 correctione
645 3561 755 3649 potest
798 3552 950 3622 restitui:
987 3553 1045 3624 sed
1081 3550 1226 3623 aliorum

202 3707 203 3710 ’
271 3682 480 3769 multorum,
513 3698 662 3770 quorum
688 3695 757 3743 non
781 3672 845 3742 nisi
862 3673 1070 3758 recentiores
1092 3672 1225 3744 codices

272 3825 366 3874 nunc
390 3808 536 3890 exstant,
568 3797 716 3891 iniquior
744 3802 795 3865 est
824 3791 988 3884 conditio,
1014 3818 1093 3864 nam
1123 3796 1227 3865 inter-

273 3925 406 4018 polatos
433 3945 504 3992 esse
533 3921 611 3990 satis
644 3925 793 4006 constat,
829 3916 1002 4009 antiquam
1024 3917 1226 4009 scripturam

273 4046 309 4114 in
330 4041 500 4138 plerisque
519 4042 602 4112 locis
627 4063 695 4110 nou
720 4037 784 4108 nisi
812 4034 951 4131 ancipiti
979 4036 1172 4106 coniectura
1193 4049 1226 4107 et
