3100 4942
780 609 828 680 sso

327 828 461 918 δαίμων,
498 825 601 918 φησὶν,
632 825 646 890 ὁ
672 823 775 912 λύχνος
808 828 877 914 ἡμῖν
907 828 1022 916 οἴχεται
1031 882 1045 916 ,
1068 834 1163 919 quod
1192 838 1309 904 evincit

325 941 387 1002 loci
410 938 564 1001 sententia
587 946 618 1000 et
640 941 763 1024 recepit
786 938 960 1025 Bergkius:
985 941 1112 1027 reliqua
1131 947 1196 1010 sic:

377 1047 414 1109 B.
450 1045 498 1112 καὶ
522 1054 583 1121 πῶς
606 1044 740 1140 ὑπερβὰς
764 1045 811 1112 τὸν
833 1045 996 1134 λυχνοῦχον
1012 1047 1103 1116 ἔλαθέ
1124 1075 1158 1117 σε
1166 1082 1179 1137 ,·

332 1159 501 1243 expunctis
529 1177 614 1243 qnae
638 1157 789 1220 librarius
811 1168 929 1220 temere
950 1160 1078 1244 repetiit
1102 1182 1141 1224 ex
1163 1166 1308 1250 superio·

331 1269 436 1332 ribus:
468 1269 580 1356 οἴχεται
603 1266 653 1332 εἶτ’
677 1265 797 1358 ἐπιφέρει
820 1264 890 1352 καὶ,
913 1287 999 1350 quae
1029 1268 1134 1332 noluit
1162 1271 1229 1356 ipse
1251 1295 1307 1336 ex-

329 1399 474 1466 pungere
502 1397 544 1439 ne
570 1372 692 1437 cedicis
712 1375 871 1460 elegantia
892 1374 1101 1440 minueretur.
1145 1377 1235 1443 Idem
1256 1384 1307 1446 in·

330 1487 457 1549 terdum
480 1505 602 1548 errores
629 1503 703 1546 suos
726 1483 850 1546 indicat
872 1493 999 1567 puncto
1027 1491 1246 1576 superscripto
1271 1492 1308 1554 iis

327 1595 444 1672 literis,
470 1615 552 1680 ques
572 1594 715 1680 expungi
735 1591 876 1657 volebat.
914 1591 1014 1656 Nimis
1036 1596 1093 1660 diu
1116 1597 1210 1660 latuit
1232 1621 1306 1686 gra·

327 1705 489 1767 vissimum
511 1703 622 1766 vitium
644 1702 678 1765 in
701 1703 881 1786 fragmento
903 1698 1047 1768 Arerotis
1068 1705 1159 1792 apud
1188 1705 1305 1771 Athen.

332 1813 396 1888 VI.¹
414 1838 447 1900 p.
472 1812 548 1876 237.

442 1921 493 1986 οὐκ
516 1921 574 1986 ἔσθ’
597 1926 676 1994 ὅπως
699 1919 751 1985 οὐκ
775 1920 804 1984 εἴ
820 1923 1011 2011 παράσιτος,
1034 1919 1157 2008 φιλτατε
1166 1982 1181 2017 ,

441 2032 455 2096 ὁ
477 2030 508 2096 d’
531 2033 711 2120 Ἰσχόμαχος
731 2031 746 2096 ὁ
767 2028 934 2122 διατρέφων
956 2055 991 2096 σε
1015 2038 1171 2121 τυγχάνει.

329 2163 397 2206 non
428 2141 586 2235 διατρέφων
617 2142 673 2204 sed
711 2135 871 2232 διάτρέφων
905 2142 1024 2227 legitur
1065 2143 1100 2206 in
1131 2145 1246 2209 codice
1278 2155 1310 2209 et

332 2251 479 2316 librarius
501 2254 579 2315 dare
601 2251 746 2315 voluerat
769 2248 816 2314 ὁδὶ
840 2251 963 2342 τρέφων.
1010 2249 1107 2316 Plura
1129 2254 1171 2317 de
1193 2275 1309 2341 genere

331 2361 395 2424 hoc
419 2359 504 2424 dubo
527 2363 618 2454 aliast
641 2395 684 2409 --
706 2361 841 2444 Decepit
858 2361 976 2424 iterum
1001 2361 1204 2427 Athenaeum
1225 2365 1313 2428 codi-

332 2472 377 2534 cis
407 2471 455 2533 sui
487 2473 648 2557 scriptura
673 2471 747 2538 VII.
779 2470 845 2535 326
868 2471 901 2534 in
933 2492 1025 2537 versu
1047 2473 1245 2538 Archestrati
1267 2475 1313 2538 sic

332 2579 470 2665 scripto:

360 2685 1049 2755 ΚΑΙΝΕΑΡΟΥΜΕΓΑΛΟΥΤΑΥΛΩΠΙΑ
1071 2686 1101 2754 ἒν
1122 2691 1193 2781 θέρει
1214 2691 1287 2754 ὠνοῦ

359 2801 485 2891 κρανίον.

338 2907 395 2972 ubi
422 2909 498 2995 legit
526 2907 616 2970 eliud
646 2927 759 2993 agens:
791 2904 840 2970 καὶ
870 2913 971 2998 νεαροῦ
998 2907 1129 2997 ρεχοίλον
1161 2907 1315 2974 ταυλωπία

340 3040 401 3104 pro
433 3019 458 3083 τ’
488 3018 635 3084 αὐλωπία.
680 3014 752 3078 Alia
780 3016 926 3099 exempla
954 3016 1086 3102 reperiri
1119 3027 1253 3102 possunt
1282 3017 1317 3079 in
1348 3102 1351 3107 Ι

342 3129 436 3194 variis
458 3126 667 3202 lectionibuS,
694 3147 775 3210 ques
804 3123 913 3188 Critici
942 3125 1150 3190 Alexandrini
1172 3148 1211 3191 ex
1234 3125 1318 3188 enti-

344 3239 417 3323 quis
438 3237 569 3300 Homeri
593 3235 762 3298 codicibus
786 3241 1001 3297 serraverunt.

385 3343 463 3431 Peg.
487 3345 542 3408 23.
566 3341 684 3408 Sicubi
704 3343 792 3406 liber
817 3342 942 3404 lacuna
967 3340 1087 3403 hiabat
1116 3347 1179 3403 aut
1204 3340 1320 3427 exple·

347 3455 427 3518 tant
456 3455 497 3516 de
517 3476 579 3516 suo
602 3460 664 3516 aut
686 3450 903 3514 dissimulato
925 3449 1024 3513 hiatu
1050 3448 1214 3523 funditus
1234 3469 1320 3534 pes·

346 3562 548 3628 numerabant
571 3562 794 3624 sententiam:
819 3558 878 3620 ubi
900 3558 1080 3620 literarum
1101 3557 1223 3620 duetus
1241 3578 1321 3620 eva·

349 3669 427 3733 nidi
439 3671 610 3734 oculorum
624 3655 738 3732 'aciem
750 3671 960 3754 praesertim
978 3665 1194 3729 z'ndoctorum
1212 3665 1319 3747 salle-

351 3777 448 3852 bont,
468 3777 575 3840 locum
585 3776 633 3839 ad
649 3797 747 3840 suum
763 3775 948 3838 arbitn'um
958 3773 999 3837 id
1011 3783 1061 3838 est
1072 3782 1196 3837 temere
1214 3773 1319 3860 refin-

349 3873 501 3972 gedant).
533 3884 607 3948 Non
627 3894 672 3948 est
688 3883 777 3947 aliud
793 3885 913 3947 malurn
928 3881 1142 3968 scriptoribus
1161 3881 1237 3968 ipsis
1247 3903 1324 3968 per·

350 3993 518 4070 niciosus,
543 4012 605 4056 nec
627 3992 810 4078 periculum
830 3990 1060 4078 interpretibus
1077 3981 1206 4079 gratim
1226 4011 1326 4076 quum

354 4112 528 4190 utrumque
561 4101 642 4181 boc,
675 4102 911 4200 interciderint
935 4103 1093 4168 nonnulla
1118 4103 1187 4166 sine
1211 4099 1334 4187 quibus
