3100 4942
331 757 500 837 λοικίζοντες
519 754 670 844 λέγουσιν,
690 755 779 819 unde
798 755 986 820 coniectura
1005 754 1076 820 lieri
1094 768 1201 844 potest
1220 761 1310 827 deiis

331 865 540 939 soloecismis,
566 864 725 948 quasiste
747 863 781 925 in
793 861 927 948 reliquis
943 883 1079 949 arguere
1099 866 1225 930 soleret.
1248 869 1308 934 Ri-

330 975 442 1038 demus
453 989 542 1035 nunc
553 969 734 1048 hominem,
759 969 816 1054 qui
833 975 887 1034 νῶϊ
904 973 989 1034 τοῦτο
1007 968 1093 1037 δοκεῖ
1103 975 1246 1060 potuerit
1262 977 1307 1040 di-

329 1102 403 1146 cere
414 1105 449 1166 p.
461 1078 536 1146 567.
552 1079 694 1144 ridemus
707 1081 865 1167 pleraque
877 1082 957 1155 alia,
983 1103 1093 1145 rerum
1105 1103 1155 1146 res
1174 1095 1221 1146 est
1240 1095 1307 1149 tam

331 1209 450 1273 anceps
469 1197 500 1250 et
518 1186 644 1251 lubrica
665 1186 748 1250 bene
761 1185 883 1249 Graece
894 1185 1047 1264 scribere,
1070 1199 1106 1253 ut
1123 1213 1219 1256 nemo
1239 1216 1306 1257 um.

329 1317 429 1382 quam
451 1315 512 1359 nec
533 1294 767 1368 recentiorum,
793 1313 855 1356 nec
875 1302 1038 1371 veterum,
1059 1299 1120 1380 qui
1141 1300 1306 1386 antiquio·

329 1427 398 1472 rem
426 1423 603 1468 sermonem
633 1401 776 1466 Atticum
804 1402 922 1465 imitari
953 1404 1107 1483 voluerit,
1141 1409 1217 1472 satis
1245 1409 1306 1473 sibi

329 1514 371 1577 ab
401 1513 546 1576 ridiculis
572 1522 604 1575 et
636 1511 800 1597 pudendis
826 1511 990 1575 erroribus
1013 1515 1156 1598 potuerit
1177 1536 1305 1582 cavere.

328 1622 450 1687 Omitto
472 1621 665 1684 recentiores
684 1629 716 1683 et
738 1621 892 1704 aequales
912 1631 1055 1699 nostros,
1080 1624 1139 1709 qui
1161 1627 1306 1690 carmina

330 1731 452 1794 Graeca
485 1739 634 1816 pangunt
673 1751 759 1815 quae
793 1751 903 1816 neque
934 1730 1058 1795 Graeca
1090 1744 1164 1797 sunt
1196 1756 1306 1822 neque

328 1842 481 1904 carmina.
506 1838 548 1900 At
569 1839 731 1902 Lucienus
748 1838 818 1923 ipse
839 1859 926 1923 quae
945 1840 978 1902 in
992 1822 1170 1906 Soloecista
1183 1851 1304 1928 'repre-

327 1949 438 2012 hendit
465 1946 539 2010 vitia
568 1945 717 2022 dicendi,
751 1965 848 2032 saepe
873 1946 950 2010 alibi
970 1951 1165 2012 commisisse
1187 1950 1305 2037 depre-

328 2054 491 2119 henditur.
517 2054 604 2135 Quin
625 2055 720 2118 etiam
742 2055 776 2117 in
796 2055 853 2117 illo
879 2056 951 2141 ipso
972 2056 1108 2144 Dialogo
1125 2069 1158 2123 et
1184 2061 1304 2126 Lucia·

328 2185 388 2226 nns
420 2172 450 2224 et
487 2161 653 2238 Socrates,
692 2185 791 2247 quem
821 2161 988 2242 celebrat,
1027 2165 1108 2230 dum
1147 2170 1305 2256 castigant

328 2273 421 2346 alios,
447 2269 507 2354 ipsi
532 2273 563 2334 in
580 2271 743 2334 nonnullis
766 2272 906 2357 graviter
927 2271 1097 2338 labuntur:
1117 2275 1159 2351 τίς
1183 2277 1244 2369 γὰρ
1265 2279 1301 2344 ἂν

328 2380 500 2474 ἀποκριθείη
525 2403 590 2463 σοι,
621 2380 664 2441 ait
688 2379 839 2444 Socrates
857 2405 891 2468 p.
912 2381 990 2446 561.
1014 2384 1121 2468 atqui,
1153 2406 1174 2449 o
1194 2386 1300 2464 boue,

328 2495 525 2584 ἀποκριθῆναι
548 2511 608 2574 pro
630 2490 854 2583 ἀποκρίνασθαι
881 2512 948 2556 non
969 2495 1071 2580 magis
1089 2492 1234 2558 Atticum
1250 2477 1302 2560 *cst

327 2625 428 2690 quarn
458 2600 564 2669 πηνίκα
586 2618 647 2684 pro
666 2602 758 2684 πότε,
779 2599 872 2686 quod
899 2608 934 2664 tu
955 2601 1176 2687 reprehendis.
1208 2604 1299 2668 Idem

330 2738 364 2800 p.
392 2709 464 2777 570.
500 2695 695 2786 ἀττικίζοντος
716 2707 752 2772 δέ
774 2733 848 2784 τινος
867 2707 918 2773 καὶ
945 2707 1079 2786 τεθνήξει
1107 2710 1232 2788 εἰπόντος
1250 2712 1299 2778 ἐπὶ

333 2831 383 2890 τοῦ
415 2823 533 2914 τρίτον,
566 2815 701 2904 βέλτιον,
732 2820 785 2909 ἔφη
794 2871 807 2903 ,
841 2816 891 2882 καὶ
919 2817 1053 2885 ἐνταῦθα
1080 2821 1299 2908 pharanitem

330 2935 547 3026 καταρώμενον.
582 2927 652 2990 lmo
676 2947 753 2991 vero
781 2930 905 3014 optime
932 2929 1005 3004 ille,
1036 2930 1184 3016 quisquis
1215 2932 1297 3010 luit,

325 3067 401 3111 narn
424 3040 521 3105 Attici
544 3059 562 3100 a
586 3039 716 3108 τέθνηκα
741 3047 772 3098 et
793 3041 886 3112 ἔςναα
913 3038 1093 3105 formarunt
1114 3038 1246 3120 τεθνήξω
1266 3054 1299 3108 et

328 3150 424 3230 ἑςήξω
434 3202 448 3235 ,
469 3168 536 3211 non
558 3155 593 3207 ut
614 3145 707 3210 multi
729 3144 936 3209 Grammatici
959 3155 991 3209 et
1009 3147 1159 3212 Socrates
1179 3152 1297 3237 opina·

327 3258 463 3332 bantur,
489 3252 681 3342 τεθνήξομαι.
716 3253 800 3316 Rem
822 3254 1001 3317 conficiunt
1018 3255 1191 3322 Poetarum
1215 3261 1297 3340 loci,

327 3366 447 3453 quibus
476 3366 550 3428 solis
569 3365 603 3427 in
632 3363 816 3428 huiusmodi
838 3385 873 3428 re
898 3363 1083 3439 fidendum,
1119 3377 1155 3431 ut
1175 3366 1298 3434 Aristo-

326 3475 443 3562 phanis
465 3477 498 3539 in
523 3465 784 3538 Acharnensibus
801 3497 832 3537 v.
855 3475 921 3538 325
940 3475 998 3538 Ed.
1026 3475 1121 3542 Diod.

420 3586 459 3659 ὡς
482 3582 618 3660 τεθνήξων
640 3585 693 3648 ἴσθι
714 3585 785 3650 νυνί.
812 3622 853 3632 -
875 3582 1019 3675 δήξομᾶρ’
1041 3585 1118 3675 ὑμᾶς
1137 3586 1208 3676 ἐγώ.

330 3693 442 3757 confer
463 3692 496 3754 in
525 3690 636 3753 eadem
664 3690 774 3754 fabula
807 3713 852 3755 rs.
876 3690 956 3754 5110.
977 3693 1076 3780 Vesp.
1101 3695 1180 3762 651.
1211 3699 1296 3764 aab.

334 3799 417 3866 1136
441 3821 515 3862 eum
537 3797 686 3860 Elmsleio
709 3796 751 3860 ad
770 3797 912 3862 Acharn.
936 3821 969 3885 p.
992 3801 1046 3864 56.
1071 3802 1250 3892 Aeschylus
1266 3808 1300 3872 in

327 3911 567 3997 Agamemnone
588 3927 632 3969 rs.
657 3905 753 3974 1279.

484 4021 516 4086 ait
539 4021 597 4108 μὴν
619 4020 722 4107 ἄτιμοί
737 4019 766 4108 γ’
790 4018 822 4085 ἐκ
844 4019 913 4087 θεῶν
934 4017 1122 4106 τεθνήξομεν.
1206 4032 1209 4038 “
