3100 4942
777 506 826 581 98

314 736 459 809 namque
473 730 583 786 crater
600 723 715 797 πάντας
731 721 769 786 ἂν
780 718 860 809 ὑμᾶς
875 716 1004 788 sciebat
1022 724 1142 792 dicere.
1168 728 1296 819 Du'piex

317 833 430 896 vitium
453 832 670 893 commaculat
690 831 799 894 locum
821 855 857 917 p.
880 830 942 895 142
965 832 1056 919 (845.
1074 834 1128 922 Β.)
1153 839 1238 907 οὐδὲν
1255 836 1315 909 ἂν

317 941 377 1007 ἔδει
397 948 456 1008 τῶν
479 952 660 1034 ςρατνιγῶν,
684 942 753 1009 οὐδὲ
776 945 835 1036 γὰρ
860 944 939 1030 εἶχον
962 948 1029 1009 ύτου
1055 948 1189 1034 ἡγοῦντο.
1218 952 1242 1013 i.
1264 972 1292 1015 e.

316 1074 428 1137 raeque
450 1052 539 1114 οιτίιίι
561 1054 727 1117 habebant
745 1056 803 1117 eui
820 1054 1050 1139 z'mperadant,·
1070 1057 1162 1143 quod
1181 1061 1292 1145 requi-

315 1159 357 1221 rit
376 1159 545 1221 sententia:
571 1182 678 1247 neque
695 1165 784 1224 enim
795 1162 975 1237 haberent,
993 1167 1050 1227 cui
1064 1165 1289 1255 imperarent,

319 1264 441 1328 Graece
463 1275 509 1328 est
531 1265 562 1330 ού
585 1269 646 1360 γὰρ
668 1268 705 1332 ἂν
728 1270 807 1355 εἶχον
830 1274 896 1333 ὅτου
918 1269 1033 1355 ἡγοῖντο
1058 1274 1108 1335 vet
1128 1275 1289 1362 ἡγήσοιντο.

314 1492 346 1547 et
376 1484 417 1545 de
446 1505 505 1546 suo
532 1485 670 1565 adiecit,
702 1487 757 1550 sed
786 1488 946 1550 interdum
974 1489 1080 1552 alieno
1113 1491 1189 1555 loco
1210 1514 1238 1556 e.
1259 1516 1290 1582 g.

316 1612 351 1674 p.
378 1588 440 1653 158
466 1588 555 1675 (386.
579 1591 632 1676 Β.)
658 1628 701 1643 -·-
723 1592 777 1661 ὑπὸ
804 1603 861 1660 τῶν
886 1594 1014 1688 φυλετῶν
1021 1652 1035 1684 ‚
1059 1599 1085 1663 οἳ
1107 1598 1199 1693 ἄρος-α
1224 1601 1293 1669 δια-

317 1700 408 1785 γνοῖεν
430 1698 496 1789 πιρὶ
517 1710 597 1793 σφῶν
618 1703 716 1769 αὐτῶν
738 1706 834 1772 ὁποῖοί
850 1730 921 1783 τινες
943 1710 1020 1774 οἷσίν.
1046 1721 1133 1775 reete
1155 1714 1233 1777 vidit
1255 1721 1293 1781 ἄν

316 1810 484 1886 excidisse,
510 1812 566 1873 sed
584 1815 667 1875 maie
687 1826 760 1901 post
779 1814 925 1903 διαγνοῖεν
945 1819 1088 1882 inseruit.
1120 1819 1233 1884 Certus
1249 1833 1297 1886 est

282 1984 286 1990 ,
315 1916 349 1977 in
383 1917 546 2002 plerisque
575 1923 756 2005 particulae
790 1928 898 1990 locus:
934 1930 968 1993 in
1002 1928 1186 1993 huiusmodi
1219 1932 1294 1996 loco

314 2021 515 2086 subiicienda
548 2034 743 2095 necessario
776 2044 821 2096 est
850 2035 1004 2101 adverbio
1030 2048 1062 2101 et
1089 2037 1158 2101 fieri
1187 2051 1293 2126 potest

314 2138 350 2189 ut
377 2130 511 2215 antique
532 2136 691 2221 scriptura
721 2128 875 2208 APICTX
902 2144 936 2207 id
961 2156 1007 2208 est
1030 2145 1112 2239 &pref
1138 2153 1175 2213 ἄν
1205 2150 1294 2213 feiei-

314 2234 386 2297 ierit
410 2236 635 2307 describentes.
668 2246 758 2313 ¹Idem
782 2253 894 2317 vitiem
919 2257 1037 2339 passim
1063 2259 1294 2345 corrigendum

314 2352 371 2407 est.
415 2344 502 2417 Alibi
533 2373 599 2417 non
632 2361 669 2423 ἄν
697 2361 816 2424 excidit
846 2363 881 2425 in
910 2363 1029 2427 talibus
1059 2367 1115 2429 sed
1147 2367 1294 2433 futurum

315 2456 539 2539 reponendum
563 2473 626 2530 ests
651 2488 727 2531 nam
752 2470 892 2533 alienum
921 2472 1055 2555 quidem
1082 2486 1128 2538 est
1155 2476 1197 2540 ab
1220 2498 1295 2543 ora·

319 2562 395 2625 toris
419 2570 575 2631 sententie
594 2594 627 2655 p.
654 2576 715 2639 132
735 2577 826 2662 (321.
847 2579 901 2663 Β.)
920 2580 953 2645 ού
974 2583 1033 2673 γὰρ
1057 2587 1142 2672 οἶμαί
1155 2609 1189 2651 σε
1207 2586 1296 2679 ἔξαρ-

319 2692 368 2735 νον
393 2672 555 2762 γευέσθαι,
586 2679 608 2744 ἃ
632 2678 756 2750 ἐναντίον
786 2686 943 2762 Ἀθηναίων
969 2694 1110 2757 ἁπάντων
1140 2694 1296 2783 ἐποίησας,

323 2779 379 2844 sed
402 2786 575 2867 γενήσεσθαι
598 2791 689 2855 dixit.
720 2794 843 2859 Eodem
864 2797 963 2860 modo
984 2823 1017 2884 p.
1046 2800 1107 2863 130
1131 2802 1220 2884 (315.
1241 2804 1296 2889 B.)

320 2888 480 2975 νομίζοντες
501 2928 546 2943 -·
568 2897 686 2984 μοΒιςα
708 2938 751 2951 -·
775 2902 816 2969 τὰ
842 2906 1009 2995 πράγματα
1034 2906 1073 2981 ὡς
1098 2908 1179 2975 αὐτοὶ
1209 2911 1298 2998 ἠβού-

323 2996 407 3064 λοντο
428 3008 660 3077 καταςὴσασὲιαι
682 3013 875 3076 mutandam
899 3024 945 3077 est
967 3018 1001 3079 in
1023 3021 1243 3093 κατοιςήσεσθαι
1267 3034 1300 3087 et

326 3128 362 3191 p.
387 3105 448 3169 184
471 3108 561 3191 (326.
583 3114 637 3198 Β.)
658 3136 718 3201 pro
744 3122 823 3209 μέγα
845 3146 872 3187 τι
893 3128 950 3212 ᾤου
973 3121 1208 3219 διαπράξασθαι
1231 3131 1302 3217 iege

328 3214 566 3306 διαπράξεσθαι.
624 3221 741 3289 Contra
784 3234 901 3295 vocuia
934 3238 971 3298 ἄν
1005 3238 1220 3322 expungenda
1256 3249 1303 3305 est

329 3324 433 3389 in'his
455 3325 547 3390 locis:
572 3352 607 3414 p.
628 3331 690 3396 189
712 3334 801 3420 (464.
823 3332 925 3423 Β.),εύ
947 3342 1011 3431 ᾔδει
1032 3344 1118 3411 αύτόν
1138 3349 1178 3412 τοὶ
1197 3346 1303 3416 δέοντα

330 3436 369 3501 ἂν
390 3442 544 3509 ποιήσοντα
569 3464 603 3525 p.
630 3442 691 3505 136
715 3444 803 3530 (381.
831 3448 883 3535 Β.)
912 3455 991 3540 μέγα
1011 3462 1163 3547 τεκμήριον
1188 3458 1229 3533 ὡς
1250 3460 1304 3525 ούκ

331 3546 367 3611 ἂν
393 3548 540 3614 ἀπέκτεινε
564 3550 719 3641 Φρύνιχον.
752 3575 787 3639 p.
818 3557 879 3622 144
902 3558 994 3646 (352.
1017 3563 1070 3649 Β.)
1098 3570 1151 3641 ἕως
1177 3567 1214 3630 ἂν
1238 3566 1304 3634 ἐδο·

331 3658 537 3741 κιμοὲοὲιησαν.
576 3660 613 3723 Ρ.
643 3658 706 3723 189
736 3660 825 3745 (464.
855 3658 908 3750 Β.)
937 3669 970 3734 ού
997 3673 1058 3762 γὰρ
1084 3675 1120 3739 ἂν
1146 3672 1240 3747 δήπου
1260 3713 1306 3729 -·-

332 3763 421 3835 ἕτέθη
452 3768 547 3853 νόμος.
584 3790 617 3852 p.
644 3760 704 3829 186
736 3768 824 3853 (457.
858 3774 911 3859 Β.)
940 3782 1001 3871 χρὴ
1028 3784 1119 3849 τοίνυν
1144 3792 1241 3877 ὧσπερ
1268 3789 1306 3855 ἂν

333 3872 450 3947 τούτους
474 3874 561 3967 ὁροῖτε
589 3874 740 3965 προθύμως
765 3881 913 3958 σώζοντας
936 3887 1001 3963 τοὺς
1024 3887 1124 3982 φίλους
1153 3899 1229 3961 ούτω
1259 3898 1309 3964 καὶ

331 3982 410 4073 ipae
437 3981 502 4057 τούς
532 3982 659 4077 ἐχθροὺς,
683 3987 890 4078 τιμωρεῖσθαι.
928 3993 983 4062 uhi
1010 3999 1143 4072 sortasse
1170 4017 1310 4093 praestet
