3100 4942
738 496 784 569 75

277 719 404 786 semodi
437 712 516 784 loeis
545 717 681 781 abstinet
713 733 863 792 manum,
902 737 944 780 ne
971 715 1030 781 sibi
1061 729 1249 804 corrumpet

277 829 436 891 iudicium
469 831 502 892 in
531 829 615 903 aliis,
649 827 704 890 nbi
726 829 792 890 veri
823 827 1098 911 reperiendi·spes
1119 827 1250 913 affulget

278 936 401 999 laetior.
448 937 531 999 Satis
559 947 605 1001 est
632 938 655 999 si
679 936 856 1022 perspicias
882 933 1006 1018 aliquid
1022 936 1249 1012 intercidisse,

276 1046 367 1106 cuius
383 1042 544 1107 interdum
565 1047 660 1107 etiarn
683 1065 809 1107 sensnm
830 1043 1042 1128 probabiliter
1064 1047 1251 1108 coniectan-

277 1152 320 1214 do
341 1154 479 1238 reperire
502 1153 616 1237 possis:
640 1172 707 1215 non
732 1154 815 1213 nitra
837 1152 1049 1237 pergendum.
1085 1151 1164 1231 Quis
1186 1174 1252 1216 non

275 1262 389 1324 sentiat
417 1261 525 1325 hiulca
557 1284 623 1326 esse
648 1263 730 1326 haee
760 1263 802 1326 ab
833 1263 1013 1326 Iamblicho
1043 1263 1076 1326 in
1099 1265 1163 1326 vito
1189 1264 1251 1348 Py·

277 1369 431 1456 thagoroe
455 1392 492 1434 ex
520 1372 702 1457 antiquiore
733 1373 891 1457 scriptore
921 1370 1046 1433 Graeco
1075 1370 1248 1454 descripta.

275 1476 292 1564 ᾗ
317 1478 390 1542 366.
413 1485 510 1573 χρόνῳ
531 1485 659 1570 μέντοιγε
684 1485 785 1572 ὕςερον
810 1481 933 1564 Ἀρὲσαν
958 1479 991 1544 ἔκ
1013 1488 1071 1546 τῶν
1086 1480 1249 1547 Λευκανῶν

278 1587 415 1651 σωθέντα
432 1586 488 1653 διαί
510 1612 592 1654 τινων
614 1587 703 1666 ξένων
722 1591 937 1681 ἀφηγήσασθαι
959 1599 1011 1664 τῆς
1033 1590 1160 1676 σχολῆς,
1180 1591 1250 1681 πρὸς

274 1693 305 1761 δν
324 1697 484 1788 ἀφικέσθαι
508 1699 653 1791 Διόδωρον
676 1702 723 1764 τὸν
744 1698 939 1782 Ἀσπένδιον,
960 1697 991 1764 ὃν
1016 1698 1248 1790 παραδεχθῆναι

277 1805 329 1870 διὰ
355 1830 406 1873 τκν
432 1813 537 1872 σπάνιν
567 1817 624 1874 τῶν
653 1807 682 1872 ἐν
709 1817 750 1898 τῷ
780 1817 928 1894 σνςήματι
952 1809 1069 1901 ανδρων
1102 1808 1166 1898 περὶ
1196 1809 1248 1895 μὲν

276 1915 453 2008 Ἡράκλειαν
481 1915 617 1980 Κλεινίαν
650 1919 699 1980 καὶ
733 1917 872 1981 Φιλόλαον
905 1917 967 1982 κτὲ.
1023 1917 1168 1979 Editores
1203 1916 1249 1978 nii

273 2027 347 2088 maii
371 2027 524 2110 suspicati
547 2035 741 2110 putaverunt
764 2026 948 2111 significare
975 2028 1104 2090 ultima:
1140 2024 1250 2088 Hero·

274 2135 365 2196 eleae
388 2143 499 2198 autem
523 2141 726 2223 superstites
749 2145 820 2200 tum
847 2138 1081 2200 adheserant
1111 2137 1247 2201 Clim'as

272 2251 305 2306 el
335 2243 538 2313 Philolaus:
563 2247 651 2310 vides
675 2247 756 2333 quid
782 2248 824 2308 de
847 2266 904 2308 suo
934 2248 1119 2332 largiantur.
1161 2247 1247 2332 Snp·

272 2353 428 2438 plendum
453 2365 498 2418 est
528 2377 566 2418 ex
589 2356 861 2446 praestantissimo
892 2356 1023 2428 codiee,
1049 2375 1147 2441 quem
1177 2356 1249 2418 no-

272 2462 393 2523 remise
412 2465 755 2557 οιοιιοεὶε-ἀνδρῶν,
781 2461 890 2539 οὗτος
921 2464 959 2530 δὲ
990 2466 1041 2538 εἷς
1071 2469 1137 2533 τὴν
1166 2464 1243 2528 Ἑλ-

271 2570 377 2636 λοίδα
406 2571 633 2638 ἐπανελθὼν
660 2574 826 2640 διέδωκε
852 2577 920 2650 τὰς
944 2575 1243 2663 Πυθαγορείους
1333 2569 1340 2589 ’

272 2685 411 2771 φωνάς.
456 2681 718 2760 ζηλωτὰς·δὲ
760 2689 903 2775 γρσίιρει
942 2683 1132 2768 γενέσθαι
1173 2691 1245 2748 τῶν

273 2790 425 2881 ἀνδρῶν
456 2790 520 2882 περί
544 2789 596 2879 μὲν
618 2791 806 2884 Ἡράκλειαν,
822 2792 885 2856 κτὲ.
913 2812 997 2874 (luae
1018 2812 1100 2853 nova
1120 2803 1192 2856 sunt
1213 2801 1244 2854 et

267 2900 375 2985 magni
396 2899 503 2984 pretii,
526 2919 564 2960 ex
588 2900 792 2969 Aristoxeno,
812 2900 943 2984 opinor,
966 2909 1129 2984 excerpta.
1155 2899 1244 2964 Oen·

269 3008 318 3070 lus
345 3007 464 3070 librarii
493 3027 510 3067 a
537 3007 644 3091 priore
674 3001 792 3094 ἀνδρῶν
819 3001 861 3064 ad
888 3005 1046 3086 posterius
1074 3004 1245 3069 aberravit.

269 3117 391 3180 Eodem
414 3116 511 3178 modo
541 3116 763 3200 pessumdatus
792 3123 837 3175 est
860 3115 952 3175 locos
978 3121 1009 3174 et
1032 3114 1100 3196 ipse
1123 3112 1244 3175 Aristo·

266 3225 354 3298 neni,
381 3224 438 3285 nisi
462 3226 573 3300 fallor,
599 3223 615 3310 §
639 3223 712 3289 207.
738 3221 860 3288 καθολου
882 3222 918 3288 δὲ
940 3222 1152 3291 ποικιλωτάτην
1173 3225 1241 3288 εἶναι

269 3334 319 3402 τὴν
342 3337 400 3396 τῶν
418 3334 655 3425 προσφερομένων
680 3332 844 3416 ποικιλίαν,
869 3334 901 3394 in
920 3332 1040 3416 quibus
1055 3352 1150 3393 nemo
1169 3331 1243 3394 hae·

266 3441 314 3502 sit.
358 3440 468 3503 Codex
496 3443 637 3525 optimus
663 3441 770 3503 dedit:
806 3439 938 3504 καθολου
967 3437 1002 3502 δὲ
1035 3439 1243 3505 ποικιλώτατον

268 3551 337 3614 εἶναι
369 3551 409 3614 τὸ
442 3551 689 3640 ἀνθρώπινον
722 3551 828 3636 γένος
861 3549 963 3612 κατὰ
997 3548 1037 3612 τὸ
1068 3557 1141 3612 τῶν
1162 3546 1237 3616 ἐπι·

265 3661 417 3745 θυμιῶν
455 3659 619 3736 πλῆθος.
659 3663 817 3747 σημεῖον
858 3656 899 3724 δὲ
939 3656 1097 3750 ἐναργὲς
1138 3661 1237 3725 εἶναι

266 3771 317 3840 τὴν
344 3776 402 3834 τῶν
430 3773 662 3862 προσφερομένων
690 3771 852 3853 ποικιλίαν,
886 3769 940 3831 nbi
969 3789 1139 3831 recurrens
1167 3773 1236 3835 εἶναι

264 3879 391 3963 peperit
414 3898 563 3941 errorem.
599 3880 727 3962 Addam
750 3881 877 3942 tertium
907 3878 1089 3961 exemptum
1110 3899 1150 3939 ex
1178 3899 1236 3941 eo·

265 3983 339 4050 dem
362 3983 378 4071 ᾗ
400 3982 454 4048 30.
478 3983 600 4061 πλείονες
621 3986 639 4058 ἢ
662 3984 804 4074 δισχίλιοι
828 3988 886 4062 τοῖς
907 3984 999 4074 λόγοις
1018 3984 1229 4073 ἐνεσχέθησαν.
