3100 4942
754 592 801 664 15

301 817 449 886 cationes
470 837 537 884 non
557 816 684 886 ratione
700 824 734 884 ct
756 837 822 884 usu
845 815 902 885 sed
925 839 989 912 pro
1011 818 1176 910 cuiusque
1199 843 1255 888 ar-

303 938 404 1008 bitrio
428 946 462 1007 et
487 937 606 1030 peritia
628 934 933 1007 constituebantur.
984 937 1099 1030 Longa
1126 938 1197 1008 dies
1217 941 1252 1010 in

304 1059 421 1128 multis
439 1059 595 1129 abstersit
619 1060 746 1152 primos
766 1079 895 1126 errores
916 1066 951 1126 et
973 1060 1102 1128 saniora
1124 1059 1255 1151 docuit,

305 1178 363 1248 sed
396 1179 495 1246 nimis
532 1177 632 1247 multi
669 1178 848 1269 antiquum
884 1175 1038 1246 obtinent
1075 1185 1109 1247 et
1144 1180 1256 1248 inutili

303 1297 500 1366 eruditionis
527 1297 623 1392 copia
655 1295 800 1366 obruere
830 1297 1003 1390 ingenium
1032 1305 1066 1367 et
1098 1295 1258 1369 hebetare

306 1439 409 1508 quarn
436 1437 550 1486 severo
582 1415 716 1486 delectu
747 1436 868 1485 acuere
898 1423 933 1486 et
965 1415 1073 1510 polire
1104 1417 1258 1509 malunt,

308 1559 446 1628 operose
475 1533 681 1629 explicantes
707 1556 795 1625 quae
819 1557 917 1603 nemo
942 1535 1087 1622 nesciat,
1112 1543 1146 1604 et
1171 1559 1259 1628 quae

307 1652 451 1725 obscura
488 1660 569 1723 sunt
602 1661 662 1721 aut
695 1660 872 1746 corrupta,
899 1650 983 1721 dum
1011 1652 1120 1723 aliena
1152 1656 1261 1728 multa

307 1769 511 1869 congerunt,
540 1754 646 1866 magis
671 1773 771 1843 etiam
793 1771 1022 1843 obscurantes.
1055 1774 1262 1847 Pervertitur

308 1917 402 1966 mens
434 1902 468 1965 et
500 1901 700 1964 occaecatur
735 1891 921 1962 formarum
959 1894 1117 1963 varietate
1149 1898 1259 1967 notio·

307 2037 459 2109 numque
479 2015 577 2085 nullo
606 2014 742 2085 vinculo
763 2015 852 2105 inter
871 2038 905 2085 se
930 2023 1085 2108 aptarum
1106 2016 1260 2087 multitu·

307 2137 401 2225 dine,
439 2137 529 2207 unde
565 2159 670 2206 novae
697 2135 836 2229 vsemper
870 2136 1019 2205 existunt
1054 2135 1261 2208 discentibus
1300 2201 1306 2206 .

308 2256 540 2345 difficultates,
566 2258 626 2349 qui
646 2255 813 2349 quidquid
834 2255 970 2325 iuvenes
999 2279 1120 2349 magno
1145 2257 1261 2330 labore

309 2381 354 2447 ita
380 2377 570 2448 didicerunt
597 2384 637 2448 ut
667 2377 804 2471 ubique·
829 2401 869 2447 ex
898 2376 1042 2446 aliorum
1065 2380 1263 2451 auctoritate
1327 2388 1330 2395 '

311 2499 532 2594 pependerint
553 2521 602 2567 ao
626 2496 711 2567 nihil
737 2497 878 2567 fecerint
903 2518 1025 2586 suum,
1056 2495 1115 2565 nbi
1145 2496 1188 2566 ad
1212 2502 1263 2570 vi·

311 2619 406 2688 rilem
427 2624 567 2687 aetatem
588 2622 816 2710 pervenerunt
838 2613 908 2682 sinc
926 2636 1047 2705 magno
1063 2613 1181 2687 dolore
1198 2643 1262 2690 uec

309 2738 473 2808 desiderio
492 2736 581 2806 elabi
602 2736 665 2806 sibi
690 2744 724 2807 et
744 2735 881 2806 effluere
905 2737 1093 2830 patiuntur.

357 2858 447 2928 Huic
480 2857 584 2951 igitur
619 2857 709 2927 malo
742 2881 812 2950 quo
837 2856 973 2927 tandem
997 2866 1097 2952 pacto
1124 2859 1262 2932 meden-

310 2971 418 3046 dum?
442 2976 570 3069 Nempe
586 3000 624 3046 ea
646 2975 860 3069 ingredienda
882 2977 935 3044 ria
957 2984 1025 3063 est,
1047 2999 1150 3068 quam
1167 2979 1261 3072 prin-

313 3097 403 3190 cipes
427 3095 462 3164 in
484 3093 602 3164 Litoris
623 3096 683 3165 viri
702 3096 737 3164 in
753 3095 817 3164 hac
836 3104 949 3164 nostra
969 3093 1146 3164 Academia
1160 3098 1259 3190 primi

313 3224 534 3309 aperuerunt,
558 3238 660 3307 quam
675 3213 742 3284 Vos
760 3211 859 3301 mihi,
882 3212 943 3281 viri
962 3211 1150 3301 clarissimi,
1168 3212 1261 3306 digni

309 3357 426 3404 corum
464 3333 622 3428 discipuli
656 3342 690 3405 et
719 3344 926 3404 successores
952 3332 1051 3426 primi
1077 3342 1263 3403 monstras-

314 3457 373 3524 tis:
397 3478 476 3524 oum
502 3463 658 3524 accurata
689 3456 828 3525 sanioris
857 3454 1100 3523 Grammatices
1125 3453 1261 3526 scientia

313 3575 463 3644 criticam
482 3573 677 3645 facultatem
698 3576 903 3668 coniungere
919 3585 1021 3668 atquc
1038 3573 1127 3644 hanc
1145 3598 1186 3644 ex
1202 3574 1262 3644 illa

310 3694 445 3783 elicere,
471 3694 575 3784 alere‚'
601 3692 820 3765 corroborare
842 3701 877 3763 et
901 3694 935 3762 in
953 3692 1041 3763 diem
1062 3717 1199 3786 augere,
1229 3698 1264 3764 et

313 3813 452 3882 unicum
486 3838 612 3909 ponere
641 3835 738 3883 verae
763 3821 796 3882 et
821 3811 946 3882 solidae
970 3796 1166 3883 eruditionis
1187 3811 1263 3883 lun-

315 3932 510 4003 damentum
531 3940 570 4001 ut
591 3929 800 4024 antiquitatis
821 3929 930 4000 studia
949 3931 990 3999 ad
1007 3938 1105 4001 s'anae
1124 3932 1261 4001 rationis

314 4053 562 4148 simplicitatem
597 4059 806 4122 revocentur.
854 4049 1065 4145 Intelligeudi
1096 4054 1261 4144 interpre-
