3100 4942
786 496 834 568 74

306 705 389 788 ἀλλὰ
415 719 486 807 ὁμοῦ
511 713 566 784 σὺν
590 714 671 782 παισὶ
697 712 748 782 καὶ
772 711 901 804 γυναιξὶν
923 715 1075 802 &nunccios
1102 715 1289 809 ἱδρυσάμενοι
1355 776 1360 784 .

307 868 353 884 ...
373 832 558 922 παρέμειναν.
602 825 833 911 supplendum
856 845 875 887 e
898 825 1115 890 Laurentiano
1149 827 1284 892 codice:

305 942 504 1030 ἐνεσχέθησαν
527 935 757 1028 αἱρεθέντες
779 930 894 999 αὐτοὶ
924 935 1026 999 κατὰ
1057 939 1200 1028 κράτος
1228 941 1285 1002 οὔ·

310 1077 383 1126 τως
414 1054 490 1123 dre
521 1045 652 1111 οὐκέτι
684 1041 822 1108 οἴκαδε
854 1045 1062 1119 ἀπέςησαν
1096 1045 1164 1112 αλλ’
1199 1046 1283 1133 ὁμσῦ.

306 1163 368 1226 llic
388 1177 524 1247 quoque
542 1155 631 1219 oculi
651 1153 859 1218 describentis
878 1152 1069 1216 aberrarunt
1092 1154 1289 1219 adsimilem

307 1269 445 1332 sormam
473 1265 653 1349 ἀπέςησαν,
676 1262 735 1347 qui
767 1282 858 1325 error
889 1283 990 1347 quam
1013 1261 1109 1325 facile
1139 1265 1287 1328 commit-

307 1387 396 1441 tetur
417 1385 537 1440 norunt
558 1393 668 1436 omnes
699 1369 758 1456 qui
782 1370 914 1434 codices
944 1370 1005 1456 ipsi
1034 1371 1285 1458 descripserunt.

308 1485 424 1569 Neque
456 1481 539 1546 udeo
573 1480 790 1543 recentiorum
819 1479 854 1542 in
891 1499 930 1542 eo
970 1502 1087 1568 genere
1122 1481 1287 1568 diligentie

310 1595 405 1680 longe
426 1601 556 1677 superat
578 1589 725 1654 librarios
744 1598 886 1666 veteres,
912 1612 1053 1676 quorum
1071 1601 1236 1676 stuporem
1256 1600 1287 1653 et

310 1701 468 1766 inscitiam
479 1701 581 1764 solent
599 1699 761 1762 insectari.
784 1698 987 1764 Documento
998 1721 1064 1764 esse
1078 1710 1184 1787 potest
1195 1699 1288 1764 locus

311 1809 493 1874 charitonis
503 1833 536 1895 p.
553 1805 616 1871 104
629 1806 684 1869 ubi
697 1806 868 1871 Dorvillius
885 1810 1005 1873 edidit:
1026 1813 1114 1877 ἄπιθι
1132 1807 1181 1873 καὶ
1200 1808 1287 1874 Καλ·

309 1917 425 2014 λιρρόην
442 1924 509 2006 ἅμα.
531 1916 571 1992 ὡς
588 1915 625 1981 δέ
644 1939 686 1980 σοι
706 1921 872 2009 προςσίσσω
894 1920 935 2004 μὴ
953 1923 1084 1984 ἄκουσαν
1105 1927 1179 2008 μήτε
1201 1945 1287 2014 φανε-

311 2036 382 2120 ρῶς.
399 2029 479 2094 θέλω
500 2030 561 2117 γάρ
583 2049 617 2092 σε
636 2023 686 2092 καὶ
701 2029 798 2094 πεῖσαι
819 2025 868 2092 καί
890 2027 1010 2094 λαθεῖν.
1036 2029 1126 2106 εὐθὺς
1149 2024 1195 2097 οὖν
1212 2033 1286 2097 ἀνα·

311 2139 445 2210 κλητικὸν
463 2163 498 2212 ας
515 2143 558 2226 τῷ
573 2135 690 2222 βασιλεῖ
705 2135 849 2228 εὐχαίρων
868 2139 908 2212 ὡς
923 2138 955 2203 τὰ
973 2140 1155 2235 Καλλιρρόης
1169 2143 1287 2233 θήραμα

311 2250 454 2340 θηράσας.
479 2267 579 2332 quem
606 2245 715 2310 locum
744 2247 864 2317 nemini
889 2251 1042 2313 suaserim
1065 2261 1100 2313 ut
1122 2253 1288 2316 restituere

310 2367 459 2422 conetur.
492 2353 601 2418 Codex
624 2353 739 2416 unicus
758 2353 841 2419 haec
862 2355 978 2420 habet:
1002 2355 1072 2424 δύο
1094 2358 1128 2426 δέ
1150 2384 1195 2426 σοι
1213 2387 1286 2454 προ-

311 2472 433 2544 ςιὶσσω.
456 2502 500 2514 -·
524 2460 614 2538 εὐθὺς
643 2453 691 2526 οὖν
723 2462 917 2551 ἀνακλητικὸν
949 2475 1015 2542 τῆς
1047 2469 1168 2559 θήρας
1203 2472 1288 2537 σύν-

312 2579 420 2666 θημα
456 2571 626 2642 διεδόθη
664 2570 729 2638 καὶ
769 2575 921 2651 πάντος’
950 2578 1174 2670 ἀνέςρερον.
1217 2581 1288 2644 Βα·

311 2684 440 2762 σιλεθς
479 2681 523 2749 δὲ
562 2683 832 2774 ἀνηρτημένος
869 2690 958 2762 ταῖς
996 2685 1149 2754 ἐλπίσιν
1189 2688 1288 2758 εἰσή-

314 2793 453 2862 λαυνεν
479 2791 517 2869 εἰς
538 2792 579 2859 τὰ
596 2791 735 2880 βασιλεια
750 2796 878 2886 ,χαίρων
900 2797 940 2874 ὡς
958 2798 991 2864 τὸ
1009 2799 1148 2873 καλλος-ον
1168 2799 1287 2890 θήραμα

312 2906 456 2996 θηράσας.
489 2902 768 2990 praeterviderunt
803 2927 904 2969 unum
936 2928 1062 2972 versum
1097 2917 1128 2971 et
1161 2907 1289 2992 reliqua

310 3017 389 3101 quin
416 3011 592 3098 intelligere
614 3033 681 3076 non
710 3023 863 3098 poterent
888 3036 950 3080 nec
978 3016 1085 3103 legere
1109 3025 1199 3079 recte
1227 3034 1289 3100 po·

312 3131 454 3188 luerunt.
489 3120 636 3198 Addam,
662 3121 741 3206 quie
765 3122 910 3208 lepidum
933 3134 996 3201 est,
1020 3127 1157 3187 alterum
1183 3143 1290 3186 exem·

311 3231 404 3318 plum
421 3229 635 3316 negligentiae
656 3232 690 3294 in
712 3231 826 3295 eodem
847 3232 972 3296 codice.
997 3257 1031 3318 p.
1054 3232 1117 3294 115
1135 3233 1287 3318 legimns:

315 3338 479 3426 κατέλαβον
507 3337 542 3404 δὲ
573 3342 624 3411 τὴν
653 3342 781 3432 ςρατιάν
809 3339 856 3406 ἐπὶ
879 3347 922 3428 τῷ
943 3348 1070 3430 ποταμῷ
1093 3339 1141 3406 καὶ
1164 3342 1289 3431 προσμί·

313 3447 414 3528 ξαντις
437 3451 496 3524 τοῖς
518 3446 739 3541 ὀρνιθοφύλαξιν
762 3448 954 3518 ἠκολούθουν.
998 3449 1170 3513 Dorvillius
1200 3459 1290 3535 post-

314 3581 415 3644 quem
436 3560 533 3624 docte
554 3559 722 3624 illustravit
742 3560 900 3622 rationem
924 3567 955 3621 et
977 3579 1070 3622 usum
1091 3567 1151 3625 τῶν
1174 3559 1288 3652 ὀρνιθο-

314 3667 457 3761 ρνλοὶκων
481 3668 516 3732 in
538 3668 648 3730 cestris
666 3665 799 3730 Persicis
819 3665 1003 3752 subiungit:
1029 3665 1155 3748 »Quod
1175 3671 1210 3730 si
1230 3689 1291 3731 nec

313 3783 366 3846 ita
387 3777 608 3868 ὀρνιθορύλακες
628 3775 808 3860 placeant,
833 3795 958 3862 posses
981 3774 1210 3868 ὀπισθοφύλαξι,
1230 3779 1292 3863 qui

314 3890 389 3952 noti
408 3891 448 3951 in
469 3908 507 3950 re
528 3885 676 3948 militari
697 3891 729 3947 et
749 3883 951 3946 contendere
967 3907 1096 3970 porum
1118 3886 1214 3948 adire
1235 3887 1290 3948 in·

313 3999 436 4072 vicem,
452 3999 487 4060 σι’
504 3995 617 4058 literis
634 3991 836 4056 maiusculis
852 3984 1052 4058 scribantur
1069 3989 1290 4091 ὀπισθσρύλαξιν
