3100 4942
727 563 800 637 105

278 806 377 874 saepe
400 786 436 850 in
449 780 685 848 minutioribus
707 782 904 871 quibusdam
932 782 1007 846 eatis
1032 779 1138 849 bonae
1160 796 1252 865 sunl,

280 896 407 981 saepius
426 895 509 957 leves
525 913 564 955 ac
582 894 784 969 temerariae,
803 892 939 955 subinde
960 913 1091 978 prorsus
1108 895 1250 981 ineptae,

279 1014 317 1067 ut
336 1027 371 1089 p·
389 1000 465 1065 694.
491 1002 525 1063 b.
548 1002 630 1068 ὁπότε
657 1003 796 1081 talananci
817 999 867 1066 καὶ
891 1010 979 1067 πᾶσιν
1000 1003 1151 1090 ἀναγκαῖα
1173 1006 1253 1080 τέλος

283 1111 411 1199 λάβοιεν.
445 1114 601 1183 τηνικαῦτα
631 1110 691 1201 γὰρ
726 1108 785 1183 ἤδη
816 1117 874 1175 τῶν
909 1115 1005 1201 σοφῶν
1036 1114 1143 1186 ἕκαςον
1175 1113 1255 1202 ᾠδήν

284 1246 346 1287 τινα
375 1218 468 1290 καλὴν
497 1219 536 1293 εἰς
566 1219 654 1306 μέσον
681 1215 777 1295 ἠξίουν
806 1221 965 1312 προφέρειν.
1007 1218 1179 1286 Soloecum
1209 1232 1255 1289 est

280 1333 320 1398 τὰ
336 1334 416 1397 κοινοὶ
434 1330 514 1406 aslon
531 1329 743 1417 λαμβάνουσιν.
769 1326 934 1415 Scriptum
949 1339 995 1392 est
1010 1329 1043 1393 in
1058 1330 1251 1418 archetypoz

282 1441 363 1515 τέλος
380 1438 510 1527 λάβοιεν.
528 1446 623 1507 ταῦτα
638 1444 701 1529 γάρ
716 1440 780 1505 κτὲ.
799 1440 834 1501 in
852 1460 920 1523 quo
937 1439 1029 1501 latet:
1054 1437 1131 1515 τελος
1148 1438 1251 1527 λάβοι.

281 1550 405 1618 ἐνταῦθα
427 1554 499 1641 γάρ.
535 1549 660 1611 Auctor
681 1547 845 1630 Epitomes
876 1544 933 1629 qui
957 1549 1052 1609 ταῦτα
1078 1568 1144 1611 non
1174 1572 1253 1613 con·

281 1658 449 1749 coquebat¹
460 1666 577 1718 temere
593 1658 751 1728 τηνικαῦτα
769 1650 860 1714 dedit
879 1649 920 1712 de
939 1672 1007 1713 suo.
1033 1652 1150 1738 Itaque
1164 1677 1254 1720 nrrnc

279 1767 370 1832 nulla
399 1772 542 1849 superest
575 1763 607 1825 in
638 1761 805 1826 Athenaeo
837 1760 985 1821 lectionis
1018 1758 1253 1848 discrepantia,

281 1886 313 1940 et
345 1871 526 1937 abiicienda
553 1878 626 1934 sunt
657 1887 888 1955 quaecumque
915 1866 1025 1929 adhuc
1051 1883 1186 1935 onerant
1215 1875 1261 1936 li·

279 1984 375 2047 brurn
400 2001 439 2043 ex
466 1978 635 2043 codicibus
663 1977 783 2040 nullius
812 1976 944 2038 omnino
976 1978 1069 2061 pretii
1102 1978 1256 2044 inutiliter

281 2090 429 2155 collecta.
465 2086 624 2173 Equidem
649 2086 849 2149 Marcianum
872 2085 1020 2175 codicem
1042 2088 1087 2150 sic
1113 2092 1252 2168 excussi,

281 2208 317 2264 ut
340 2198 380 2263 de
400 2198 467 2261 eius
486 2197 646 2282 scriptura
667 2196 792 2281 ubique
813 2204 939 2257 constet
958 2203 989 2257 et
1011 2192 1257 2262 confirmabitur

279 2297 391 2372 eorum
417 2306 589 2381 sententia,
622 2304 679 2389 qui
708 2304 848 2391 plurima
876 2305 910 2366 in
931 2304 986 2366 illo
1008 2304 1091 2369 libro
1122 2326 1256 2392 compa·

279 2417 383 2481 raudo
416 2425 471 2480 aut
503 2415 586 2478 male
617 2416 730 2499 omissa
764 2423 820 2476 arrt
851 2414 1048 2499 negligenter
1078 2413 1254 2479 admodum

279 2528 362 2590 lecta
383 2544 448 2589 esse
468 2523 697 2587 existimarunt.
734 2521 796 2586 Vix
816 2520 931 2582 credas
948 2521 982 2583 in
1000 2522 1074 2583 loco
1093 2521 1256 2587 Xenarchi

281 2658 314 2722 p.
337 2632 412 2697 693.
437 2630 473 2695 C.
499 2630 554 2693 ubi
576 2648 665 2692 nunc
688 2626 822 2713 legitur:

414 2762 453 2837 ὡς
475 2759 530 2827 ὑπό
553 2783 579 2823 τι
602 2760 736 2835 ννςοίζειν
758 2780 792 2844 γε
815 2756 922 2831 καύτὸς
944 2761 1088 2848 ἄρχομαι.

413 2872 431 2941 ἡ
454 2870 591 2957 τάγαθοῦ
614 2864 750 2953 δαίμονος

417 2978 557 3049 σννέσεισε
580 2976 611 3064 μ’
633 2973 795 3040 ἐκποθεῖσα
818 2973 907 3065 plain
930 2973 1110 3049 παντελῶς.’

285 3112 319 3176 in
343 3110 458 3175 codice
484 3109 611 3196 liquido
637 3108 793 3193 scriptum
818 3124 900 3166 esse:
928 3080 1256 3180 ὦσεύπστῑννςοῖζειν·

285 3220 592 3329 γεκαντοσοίρχομαι
606 3218 774 3321 ητοὲραθοῦ
789 3220 951 3319 δοείμονοσ
964 3209 1250 3318 σῦνεσισερεοίκρα-

283 3354 522 3430 τοσέκποθεῖσατ
550 3365 637 3429 unde
660 3363 849 3449 legendum:

436 3495 605 3581 ἡτάγαθοῦ
630 3495 719 3585 (γὰρ)
742 3490 877 3581 δαίμονος
898 3490 1040 3555 συνέσεισέ
1061 3513 1098 3577 με

436 3608 564 3694 ἄκρατος
586 3600 749 3667 ἐκποθεῖσα
771 3600 860 3693 plain
882 3598 1045 3674 παντελῶς.

280 3734 325 3797 Ea
348 3743 393 3796 est
416 3742 522 3796 autern
541 3732 623 3795 ralio
644 3732 729 3794 illius
747 3730 889 3802 codicis,
914 3738 949 3791 ut
971 3750 1009 3791 ex
1031 3727 1252 3812 antiquissimo

280 3842 363 3905 libro
384 3844 502 3927 inquo
519 3841 678 3907 vocabula
696 3841 804 3903 omnia
821 3838 1003 3901 uncialibus
1017 3836 1114 3901 literis
1130 3836 1253 3918 scripta

279 3951 394 4015 eodem
416 3960 526 4014 tenore
551 3948 739 4012 continuata
768 3955 860 4009 erant
888 3944 930 4008 ab
956 3943 1087 4008 librario
1107 3940 1251 4003 omnium

278 4076 385 4123 rerum
397 4056 594 4145 ignarissimo
611 4055 649 4119 sit
661 4054 854 4138 descriptus
878 4052 998 4117 Eadem
1012 4051 1130 4139 pagina
1142 4047 1208 4113 693
1218 4069 1251 4113 a.
