<?xml version="1.0" encoding="UTF-8"?>
<!DOCTYPE html PUBLIC "-//W3C//DTD XHTML 1.0 Transitional//EN"
    "http://www.w3.org/TR/xhtml1/DTD/xhtml1-transitional.dtd">
<html xmlns="http://www.w3.org/1999/xhtml" xml:lang="en" lang="en">
 <head>
  <title>
</title>
<meta http-equiv="Content-Type" content="text/html;charset=utf-8" />
  <meta name='ocr-system' content='tesseract 3.04.00' />
  <meta name='ocr-capabilities' content='ocr_page ocr_carea ocr_par ocr_line ocrx_word'/>
</head>
<body>
  <div class='ocr_page' id='page_1' title='image "./oratiodearteint00cobegoog/oratiodearteint00cobegoog_0095.png"; bbox 0 0 3100 4942; ppageno 0'>
   <div class='ocr_carea' id='block_1_1' title="bbox 732 524 781 599">
    <p class='ocr_par' dir='ltr' id='par_1_1' title="bbox 732 524 781 599">
     <span class='ocr_line' id='line_1_1' title="bbox 732 524 781 599; baseline -0.041 0"><span class='ocrx_word' id='word_1_1' title='bbox 732 524 781 599; x_wconf 82' lang='lat'>89</span> 
     </span>
    </p>
   </div>
   <div class='ocr_carea' id='block_1_2' title="bbox 255 740 1232 2127">
    <p class='ocr_par' dir='ltr' id='par_1_2' title="bbox 255 740 1232 2127">
     <span class='ocr_line' id='line_1_2' title="bbox 255 740 1225 835; baseline -0.006 -20"><span class='ocrx_word' id='word_1_2' title='bbox 255 745 364 835; x_wconf 79' lang='lat' dir='ltr'>colligi</span> <span class='ocrx_word' id='word_1_3' title='bbox 395 754 568 832; x_wconf 87' lang='lat' dir='ltr'>poterunt,</span> <span class='ocrx_word' id='word_1_4' title='bbox 604 764 643 809; x_wconf 81' lang='lat' dir='ltr'>ex</span> <span class='ocrx_word' id='word_1_5' title='bbox 675 740 796 828; x_wconf 89' lang='lat' dir='ltr'>quibus</span> <span class='ocrx_word' id='word_1_6' title='bbox 828 759 936 827; x_wconf 78' lang='lat' dir='ltr'>patron</span> <span class='ocrx_word' id='word_1_7' title='bbox 969 740 1132 807; x_wconf 83' lang='lat' dir='ltr'><strong>delibabo.</strong></span> <span class='ocrx_word' id='word_1_8' title='bbox 1184 742 1225 809; x_wconf 88' lang='lat' dir='ltr'>ln</span> 
     </span>
     <span class='ocr_line' id='line_1_3' title="bbox 258 850 1223 948; baseline -0.004 -30"><span class='ocrx_word' id='word_1_9' title='bbox 258 856 404 919; x_wconf 87' lang='lat' dir='ltr'>oratione</span> <span class='ocrx_word' id='word_1_10' title='bbox 431 853 503 948; x_wconf 84' lang='grc' dir='ltr'>ὑπὲρ</span> <span class='ocrx_word' id='word_1_11' title='bbox 529 851 822 944; x_wconf 74' lang='grc' dir='ltr'>τῶνἌριςοροίνους</span> <span class='ocrx_word' id='word_1_12' title='bbox 849 856 1017 940; x_wconf 78' lang='grc' dir='ltr'>χρημάτων</span> <span class='ocrx_word' id='word_1_13' title='bbox 1049 873 1124 937; x_wconf 85' lang='lat' dir='ltr'>pag.</span> <span class='ocrx_word' id='word_1_14' title='bbox 1151 850 1223 915; x_wconf 73' lang='lat' dir='ltr'>lot.</span> 
     </span>
     <span class='ocr_line' id='line_1_4' title="bbox 260 961 1223 1057; baseline -0.002 -30"><span class='ocrx_word' id='word_1_15' title='bbox 260 963 349 1051; x_wconf 72' lang='lat'><strong>(375.</strong></span> <span class='ocrx_word' id='word_1_16' title='bbox 372 962 427 1048; x_wconf 88' lang='grc' dir='ltr'><strong>Β.)</strong></span> <span class='ocrx_word' id='word_1_17' title='bbox 453 971 503 1030; x_wconf 80' lang='grc' dir='ltr'>τοῦ</span> <span class='ocrx_word' id='word_1_18' title='bbox 523 963 650 1057; x_wconf 75' lang='grc' dir='ltr'>ἀδελφοῦ</span> <span class='ocrx_word' id='word_1_19' title='bbox 670 967 722 1029; x_wconf 79' lang='grc' dir='ltr'>τοῦ</span> <span class='ocrx_word' id='word_1_20' title='bbox 743 962 918 1053; x_wconf 79' lang='grc' dir='ltr'>ὁμοπατρίου</span> <span class='ocrx_word' id='word_1_21' title='bbox 940 961 1129 1048; x_wconf 72' lang='grc' dir='ltr'>ἀποκειμένας</span> <span class='ocrx_word' id='word_1_22' title='bbox 1153 961 1223 1055; x_wconf 87' lang='grc' dir='ltr'>παρ’</span> 
     </span>
     <span class='ocr_line' id='line_1_5' title="bbox 258 1071 1229 1163; baseline -0.005 -25"><span class='ocrx_word' id='word_1_23' title='bbox 258 1072 339 1161; x_wconf 73' lang='grc' dir='ltr'>αὐτῷ</span> <span class='ocrx_word' id='word_1_24' title='bbox 364 1078 584 1163; x_wconf 73' lang='grc' dir='ltr'>τετταράκοντα</span> <span class='ocrx_word' id='word_1_25' title='bbox 610 1084 684 1162; x_wconf 75' lang='grc' dir='ltr'>μνᾶς</span> <span class='ocrx_word' id='word_1_26' title='bbox 712 1071 826 1135; x_wconf 82' lang='grc' dir='ltr'>εἰπὼν</span> <span class='ocrx_word' id='word_1_27' title='bbox 855 1076 1087 1162; x_wconf 76' lang='grc' dir='ltr'>κατεχρήσατο,</span> <span class='ocrx_word' id='word_1_28' title='bbox 1110 1080 1229 1133; x_wconf 82' lang='lat' dir='ltr'>temere</span> 
     </span>
     <span class='ocr_line' id='line_1_6' title="bbox 257 1177 1226 1268; baseline -0.003 -23"><span class='ocrx_word' id='word_1_29' title='bbox 257 1182 382 1266; x_wconf 77' lang='lat' dir='ltr'><strong>scripsit</strong></span> <span class='ocrx_word' id='word_1_30' title='bbox 404 1180 504 1268; x_wconf 83' lang='grc' dir='ltr'>λαβών</span> <span class='ocrx_word' id='word_1_31' title='bbox 523 1200 626 1264; x_wconf 90' lang='lat' dir='ltr'>quum</span> <span class='ocrx_word' id='word_1_32' title='bbox 647 1182 745 1265; x_wconf 81' lang='grc' dir='ltr'>ἔχων,</span> <span class='ocrx_word' id='word_1_33' title='bbox 768 1177 901 1261; x_wconf 84' lang='lat' dir='ltr'>opinor,</span> <span class='ocrx_word' id='word_1_34' title='bbox 928 1178 1024 1239; x_wconf 82' lang='lat' dir='ltr'>unica</span> <span class='ocrx_word' id='word_1_35' title='bbox 1045 1178 1083 1239; x_wconf 86' lang='lat' dir='ltr'>sit</span> <span class='ocrx_word' id='word_1_36' title='bbox 1105 1197 1226 1242; x_wconf 83' lang='lat' dir='ltr'>verum.</span> 
     </span>
     <span class='ocr_line' id='line_1_7' title="bbox 255 1283 1227 1373; baseline 0.002 -24"><span class='ocrx_word' id='word_1_37' title='bbox 255 1286 332 1372; x_wconf 82' lang='lat' dir='ltr'>Pag.</span> <span class='ocrx_word' id='word_1_38' title='bbox 358 1286 421 1351; x_wconf 87' lang='grc'>186</span> <span class='ocrx_word' id='word_1_39' title='bbox 442 1287 521 1373; x_wconf 70' lang='grc'>(157</span> <span class='ocrx_word' id='word_1_40' title='bbox 542 1286 596 1370; x_wconf 90' lang='grc' dir='ltr'>Β.)</span> <span class='ocrx_word' id='word_1_41' title='bbox 618 1284 696 1373; x_wconf 78' lang='grc' dir='ltr'>ὑμᾶς</span> <span class='ocrx_word' id='word_1_42' title='bbox 722 1284 756 1351; x_wconf 79' lang='grc' dir='ltr'>δὲ</span> <span class='ocrx_word' id='word_1_43' title='bbox 773 1286 924 1360; x_wconf 84' lang='grc' dir='ltr'>τοσούτους</span> <span class='ocrx_word' id='word_1_44' title='bbox 944 1289 1028 1360; x_wconf 78' lang='grc' dir='ltr'>ὄντας</span> <span class='ocrx_word' id='word_1_45' title='bbox 1052 1285 1102 1351; x_wconf 78' lang='grc' dir='ltr'>καὶ</span> <span class='ocrx_word' id='word_1_46' title='bbox 1124 1283 1227 1357; x_wconf 75' lang='grc' dir='ltr'>ἠδικη-</span> 
     </span>
     <span class='ocr_line' id='line_1_8' title="bbox 258 1392 1228 1489; baseline -0.002 -29"><span class='ocrx_word' id='word_1_47' title='bbox 258 1396 356 1482; x_wconf 80' lang='grc' dir='ltr'>μένους</span> <span class='ocrx_word' id='word_1_48' title='bbox 388 1393 445 1459; x_wconf 77' lang='lat' dir='ltr'>bob</span> <span class='ocrx_word' id='word_1_49' title='bbox 476 1396 577 1463; x_wconf 81' lang='grc' dir='ltr'>τούτου</span> <span class='ocrx_word' id='word_1_50' title='bbox 608 1400 784 1474; x_wconf 81' lang='grc' dir='ltr'>ζητήσουσιν</span> <span class='ocrx_word' id='word_1_51' title='bbox 817 1393 857 1467; x_wconf 88' lang='grc' dir='ltr'>ὡς</span> <span class='ocrx_word' id='word_1_52' title='bbox 891 1393 924 1458; x_wconf 78' lang='grc' dir='ltr'>οὔ</span> <span class='ocrx_word' id='word_1_53' title='bbox 955 1402 1015 1484; x_wconf 80' lang='grc' dir='ltr'>χρη</span> <span class='ocrx_word' id='word_1_54' title='bbox 1044 1392 1128 1466; x_wconf 82' lang='grc' dir='ltr'>δίκην</span> <span class='ocrx_word' id='word_1_55' title='bbox 1157 1395 1228 1489; x_wconf 81' lang='grc' dir='ltr'>παρ’</span> 
     </span>
     <span class='ocr_line' id='line_1_9' title="bbox 257 1502 1232 1591; baseline -0.002 -22"><span class='ocrx_word' id='word_1_56' title='bbox 257 1503 347 1569; x_wconf 82' lang='grc' dir='ltr'>αὐτοῦ</span> <span class='ocrx_word' id='word_1_57' title='bbox 362 1502 536 1591; x_wconf 67' lang='grc' dir='ltr'>λαμβάνειν,</span> <span class='ocrx_word' id='word_1_58' title='bbox 554 1506 715 1590; x_wconf 74' lang='lat' dir='ltr'>rescripsit</span> <span class='ocrx_word' id='word_1_59' title='bbox 730 1510 881 1588; x_wconf 82' lang='grc' dir='ltr'>ζητοῦσιν,</span> <span class='ocrx_word' id='word_1_60' title='bbox 898 1503 989 1587; x_wconf 91' lang='lat' dir='ltr'>qnod</span> <span class='ocrx_word' id='word_1_61' title='bbox 1007 1503 1090 1566; x_wconf 87' lang='lat' dir='ltr'>male</span> <span class='ocrx_word' id='word_1_62' title='bbox 1107 1507 1232 1591; x_wconf 83' lang='lat' dir='ltr'>recepit</span> 
     </span>
     <span class='ocr_line' id='line_1_10' title="bbox 257 1612 1231 1697; baseline 0 -21"><span class='ocrx_word' id='word_1_63' title='bbox 257 1612 441 1685; x_wconf 84' lang='lat' dir='ltr'>Bekkerns‚</span> <span class='ocrx_word' id='word_1_64' title='bbox 465 1634 541 1677; x_wconf 85' lang='lat' dir='ltr'>nam</span> <span class='ocrx_word' id='word_1_65' title='bbox 563 1614 761 1677; x_wconf 87' lang='lat' dir='ltr'>contrarium</span> <span class='ocrx_word' id='word_1_66' title='bbox 784 1622 831 1675; x_wconf 75' lang='lat' dir='ltr'>‘est</span> <span class='ocrx_word' id='word_1_67' title='bbox 849 1612 1043 1685; x_wconf 79' lang='lat' dir='ltr'>sentcntiae,</span> <span class='ocrx_word' id='word_1_68' title='bbox 1068 1634 1155 1697; x_wconf 83' lang='lat' dir='ltr'>quae</span> <span class='ocrx_word' id='word_1_69' title='bbox 1179 1634 1231 1676; x_wconf 83' lang='lat' dir='ltr'>rc·</span> 
     </span>
     <span class='ocr_line' id='line_1_11' title="bbox 256 1718 1230 1805; baseline 0.004 -24"><span class='ocrx_word' id='word_1_70' title='bbox 256 1720 356 1805; x_wconf 86' lang='lat' dir='ltr'>quirit</span> <span class='ocrx_word' id='word_1_71' title='bbox 385 1718 547 1798; x_wconf 67' lang='lat' dir='ltr'>futurum</span> <span class='ocrx_word' id='word_1_72' title='bbox 582 1720 790 1783; x_wconf 83' lang='lat' dir='ltr'>scribendum</span> <span class='ocrx_word' id='word_1_73' title='bbox 818 1731 904 1783; x_wconf 81' lang='lat' dir='ltr'>erat:</span> <span class='ocrx_word' id='word_1_74' title='bbox 936 1726 1089 1798; x_wconf 81' lang='grc' dir='ltr'>ζητήσουσι</span> <span class='ocrx_word' id='word_1_75' title='bbox 1119 1722 1230 1785; x_wconf 60' lang='grc' dir='ltr'>πειθειυ</span> 
     </span>
     <span class='ocr_line' id='line_1_12' title="bbox 258 1819 1228 1918; baseline -0.002 -25"><span class='ocrx_word' id='word_1_76' title='bbox 258 1828 297 1904; x_wconf 88' lang='grc' dir='ltr'>ὡς</span> <span class='ocrx_word' id='word_1_77' title='bbox 317 1828 349 1893; x_wconf 79' lang='grc' dir='ltr'>οὐ</span> <span class='ocrx_word' id='word_1_78' title='bbox 373 1835 433 1918; x_wconf 88' lang='grc' dir='ltr'>χρή</span> <span class='ocrx_word' id='word_1_79' title='bbox 454 1825 517 1891; x_wconf 84' lang='grc' dir='ltr'>κτὲ.</span> <span class='ocrx_word' id='word_1_80' title='bbox 543 1819 629 1911; x_wconf 81' lang='lat' dir='ltr'>quae</span> <span class='ocrx_word' id='word_1_81' title='bbox 651 1828 876 1911; x_wconf 77' lang='lat' dir='ltr'>perfamiliaris</span> <span class='ocrx_word' id='word_1_82' title='bbox 896 1826 1009 1893; x_wconf 79' lang='lat' dir='ltr'>Atticis</span> <span class='ocrx_word' id='word_1_83' title='bbox 1028 1829 1150 1890; x_wconf 89' lang='lat' dir='ltr'>locutio</span> <span class='ocrx_word' id='word_1_84' title='bbox 1171 1839 1228 1891; x_wconf 82' lang='lat' dir='ltr'>cst.</span> 
     </span>
     <span class='ocr_line' id='line_1_13' title="bbox 256 1932 1231 2021; baseline 0 -22"><span class='ocrx_word' id='word_1_85' title='bbox 256 1937 327 2001; x_wconf 80' lang='lat' dir='ltr'>fieri</span> <span class='ocrx_word' id='word_1_86' title='bbox 360 1945 465 2021; x_wconf 87' lang='lat' dir='ltr'>potest</span> <span class='ocrx_word' id='word_1_87' title='bbox 489 1944 524 1997; x_wconf 86' lang='lat' dir='ltr'>nt</span> <span class='ocrx_word' id='word_1_88' title='bbox 552 1932 980 2000; x_wconf 72' lang='grc' dir='ltr'><strong>ΖΗΤΗΒΟΥΟΙΠΕΙΘΕΙΝ</strong></span> <span class='ocrx_word' id='word_1_89' title='bbox 1009 1934 1156 1998; x_wconf 81' lang='lat' dir='ltr'>librarios</span> <span class='ocrx_word' id='word_1_90' title='bbox 1183 1939 1231 1999; x_wconf 83' lang='grc' dir='ltr'>1ο-</span> 
     </span>
     <span class='ocr_line' id='line_1_14' title="bbox 256 2039 1231 2127; baseline -0.001 -21"><span class='ocrx_word' id='word_1_91' title='bbox 256 2043 388 2107; x_wconf 85' lang='lat' dir='ltr'>icllerit:</span> <span class='ocrx_word' id='word_1_92' title='bbox 414 2052 447 2105; x_wconf 86' lang='lat' dir='ltr'>at</span> <span class='ocrx_word' id='word_1_93' title='bbox 464 2040 602 2105; x_wconf 88' lang='lat' dir='ltr'>certiora</span> <span class='ocrx_word' id='word_1_94' title='bbox 622 2040 663 2102; x_wconf 82' lang='lat' dir='ltr'>‹le</span> <span class='ocrx_word' id='word_1_95' title='bbox 684 2060 800 2123; x_wconf 84' lang='lat' dir='ltr'>genere</span> <span class='ocrx_word' id='word_1_96' title='bbox 821 2040 886 2102; x_wconf 89' lang='lat' dir='ltr'>hoc</span> <span class='ocrx_word' id='word_1_97' title='bbox 905 2039 1043 2102; x_wconf 78' lang='lat' dir='ltr'>arbitror</span> <span class='ocrx_word' id='word_1_98' title='bbox 1059 2039 1181 2104; x_wconf 82' lang='lat' dir='ltr'><strong>haecce</strong></span> <span class='ocrx_word' id='word_1_99' title='bbox 1196 2065 1231 2127; x_wconf 90' lang='lat' dir='ltr'>p.</span> 
     </span>
    </p>
   </div>
   <div class='ocr_carea' id='block_1_3' title="bbox 254 2144 1314 3967">
    <p class='ocr_par' dir='ltr' id='par_1_3' title="bbox 254 2144 1314 3967">
     <span class='ocr_line' id='line_1_15' title="bbox 259 2144 1230 2237; baseline -0.001 -23"><span class='ocrx_word' id='word_1_100' title='bbox 259 2152 321 2215; x_wconf 78' lang='lat'>125</span> <span class='ocrx_word' id='word_1_101' title='bbox 343 2148 422 2234; x_wconf 77' lang='lat'><strong>(302</strong></span> <span class='ocrx_word' id='word_1_102' title='bbox 443 2147 496 2232; x_wconf 88' lang='grc' dir='ltr'>Β.)</span> <span class='ocrx_word' id='word_1_103' title='bbox 517 2155 573 2213; x_wconf 81' lang='grc' dir='ltr'>ποῦ</span> <span class='ocrx_word' id='word_1_104' title='bbox 588 2147 708 2213; x_wconf 76' lang='grc' dir='ltr'>κάλλιον</span> <span class='ocrx_word' id='word_1_105' title='bbox 726 2147 762 2235; x_wconf 57' lang='lat' dir='ltr'>osen</span> <span class='ocrx_word' id='word_1_106' title='bbox 781 2144 815 2218; x_wconf 82' lang='grc' dir='ltr'>ἦν</span> <span class='ocrx_word' id='word_1_107' title='bbox 836 2147 922 2231; x_wconf 84' lang='lat' dir='ltr'>(dele</span> <span class='ocrx_word' id='word_1_108' title='bbox 937 2147 987 2230; x_wconf 82' lang='grc' dir='ltr'>ἄν)</span> <span class='ocrx_word' id='word_1_109' title='bbox 1008 2144 1095 2237; x_wconf 76' lang='grc' dir='ltr'>ἀνδρὶ</span> <span class='ocrx_word' id='word_1_110' title='bbox 1111 2153 1230 2235; x_wconf 82' lang='grc' dir='ltr'>ἄρχοντι</span> 
     </span>
     <span class='ocr_line' id='line_1_16' title="bbox 257 2253 1231 2351; baseline 0.002 -29"><span class='ocrx_word' id='word_1_111' title='bbox 257 2260 275 2331; x_wconf 75' lang='grc' dir='ltr'>ἢ</span> <span class='ocrx_word' id='word_1_112' title='bbox 310 2255 522 2351; x_wconf 81' lang='grc' dir='ltr'>Θρασυβούλου</span> <span class='ocrx_word' id='word_1_113' title='bbox 558 2257 659 2328; x_wconf 85' lang='grc' dir='ltr'>Φυλήν</span> <span class='ocrx_word' id='word_1_114' title='bbox 690 2255 894 2346; x_wconf 78' lang='grc' dir='ltr'>κατειληφότος</span> <span class='ocrx_word' id='word_1_115' title='bbox 931 2255 992 2319; x_wconf 83' lang='grc' dir='ltr'>τότ’</span> <span class='ocrx_word' id='word_1_116' title='bbox 1024 2253 1231 2335; x_wconf 63' lang='grc' dir='ltr'>ἐπιδείξασθαι</span> 
     </span>
     <span class='ocr_line' id='line_1_17' title="bbox 257 2362 1232 2453; baseline -0.004 -18"><span class='ocrx_word' id='word_1_117' title='bbox 257 2370 308 2439; x_wconf 78' lang='grc' dir='ltr'>τὴν</span> <span class='ocrx_word' id='word_1_118' title='bbox 323 2369 413 2435; x_wconf 81' lang='grc' dir='ltr'>αὐτοῦ</span> <span class='ocrx_word' id='word_1_119' title='bbox 431 2369 581 2433; x_wconf 84' lang='grc' dir='ltr'>συνουσίαν</span> <span class='ocrx_word' id='word_1_120' title='bbox 589 2396 603 2453; x_wconf 89' lang='grc'>,·</span> <span class='ocrx_word' id='word_1_121' title='bbox 628 2368 682 2431; x_wconf 93' lang='lat' dir='ltr'>nbi</span> <span class='ocrx_word' id='word_1_122' title='bbox 705 2362 1044 2433; x_wconf 86' lang='grc' dir='ltr'><strong>ΑΥΤΟΥΕΥΝΟΙΑΝ</strong></span> <span class='ocrx_word' id='word_1_123' title='bbox 1064 2367 1163 2431; x_wconf 83' lang='lat' dir='ltr'>unice.</span> <span class='ocrx_word' id='word_1_124' title='bbox 1178 2389 1232 2431; x_wconf 85' lang='lat' dir='ltr'>vc·</span> 
     </span>
     <span class='ocr_line' id='line_1_18' title="bbox 258 2472 1230 2562; baseline 0 -21"><span class='ocrx_word' id='word_1_125' title='bbox 258 2498 330 2541; x_wconf 86' lang='lat' dir='ltr'>rom</span> <span class='ocrx_word' id='word_1_126' title='bbox 356 2497 424 2541; x_wconf 83' lang='lat' dir='ltr'>asse</span> <span class='ocrx_word' id='word_1_127' title='bbox 447 2476 601 2552; x_wconf 82' lang='lat' dir='ltr'>arbitror,</span> <span class='ocrx_word' id='word_1_128' title='bbox 627 2487 662 2539; x_wconf 92' lang='lat' dir='ltr'>ut</span> <span class='ocrx_word' id='word_1_129' title='bbox 682 2500 716 2562; x_wconf 89' lang='lat' dir='ltr'>p.</span> <span class='ocrx_word' id='word_1_130' title='bbox 737 2476 800 2539; x_wconf 78' lang='lat' dir='ltr'>lto</span> <span class='ocrx_word' id='word_1_131' title='bbox 822 2474 901 2559; x_wconf 82' lang='grc'>(365</span> <span class='ocrx_word' id='word_1_132' title='bbox 915 2474 967 2558; x_wconf 92' lang='grc' dir='ltr'><strong>Β.)</strong></span> <span class='ocrx_word' id='word_1_133' title='bbox 985 2472 1155 2551; x_wconf 54' lang='lat' dir='ltr'>&amp;accedun</span> <span class='ocrx_word' id='word_1_134' title='bbox 1178 2479 1230 2547; x_wconf 84' lang='grc' dir='ltr'>τήν</span> 
     </span>
     <span class='ocr_line' id='line_1_19' title="bbox 257 2582 1229 2669; baseline -0.006 -16"><span class='ocrx_word' id='word_1_135' title='bbox 257 2590 363 2653; x_wconf 76' lang='grc' dir='ltr'>εὔνοιαν</span> <span class='ocrx_word' id='word_1_136' title='bbox 378 2595 409 2649; x_wconf 85' lang='lat' dir='ltr'>et</span> <span class='ocrx_word' id='word_1_137' title='bbox 428 2583 514 2647; x_wconf 89' lang='lat' dir='ltr'>alibi.</span> <span class='ocrx_word' id='word_1_138' title='bbox 545 2583 628 2647; x_wconf 88' lang='lat' dir='ltr'>Satis</span> <span class='ocrx_word' id='word_1_139' title='bbox 646 2593 771 2647; x_wconf 85' lang='lat' dir='ltr'>certum</span> <span class='ocrx_word' id='word_1_140' title='bbox 790 2582 891 2646; x_wconf 85' lang='lat' dir='ltr'>credo</span> <span class='ocrx_word' id='word_1_141' title='bbox 910 2582 1005 2646; x_wconf 84' lang='lat' dir='ltr'>otiam</span> <span class='ocrx_word' id='word_1_142' title='bbox 1025 2583 1089 2647; x_wconf 89' lang='lat' dir='ltr'>hoc</span> <span class='ocrx_word' id='word_1_143' title='bbox 1107 2608 1142 2669; x_wconf 85' lang='lat' dir='ltr'>p.</span> <span class='ocrx_word' id='word_1_144' title='bbox 1158 2587 1229 2649; x_wconf 82' lang='lat' dir='ltr'>loo.</span> 
     </span>
     <span class='ocr_line' id='line_1_20' title="bbox 258 2690 1229 2787; baseline 0 -27"><span class='ocrx_word' id='word_1_145' title='bbox 258 2695 340 2782; x_wconf 78' lang='lat'><strong>(378</strong></span> <span class='ocrx_word' id='word_1_146' title='bbox 365 2695 419 2774; x_wconf 89' lang='grc' dir='ltr'>Β.)</span> <span class='ocrx_word' id='word_1_147' title='bbox 447 2698 488 2761; x_wconf 79' lang='grc' dir='ltr'>ἔτι</span> <span class='ocrx_word' id='word_1_148' title='bbox 518 2692 552 2759; x_wconf 80' lang='grc' dir='ltr'>δὲ</span> <span class='ocrx_word' id='word_1_149' title='bbox 580 2701 726 2787; x_wconf 77' lang='grc' dir='ltr'>φαίνονται</span> <span class='ocrx_word' id='word_1_150' title='bbox 756 2690 841 2757; x_wconf 75' lang='grc' dir='ltr'>οὐδὲν</span> <span class='ocrx_word' id='word_1_151' title='bbox 868 2692 987 2758; x_wconf 82' lang='grc' dir='ltr'>πώποτε</span> <span class='ocrx_word' id='word_1_152' title='bbox 1011 2690 1209 2781; x_wconf 65' lang='grc' dir='ltr'>διενεχθέντες</span> <span class='ocrx_word' id='word_1_153' title='bbox 1215 2750 1229 2783; x_wconf 93' lang='grc'>,</span> 
     </span>
     <span class='ocr_line' id='line_1_21' title="bbox 258 2800 1229 2895; baseline 0.001 -26"><span class='ocrx_word' id='word_1_154' title='bbox 258 2805 324 2886; x_wconf 60' lang='grc' dir='ltr'>ὡς’7</span> <span class='ocrx_word' id='word_1_155' title='bbox 338 2803 411 2882; x_wconf 80' lang='grc' dir='ltr'>εἰκὸς</span> <span class='ocrx_word' id='word_1_156' title='bbox 443 2801 492 2867; x_wconf 78' lang='grc' dir='ltr'>καὶ</span> <span class='ocrx_word' id='word_1_157' title='bbox 517 2802 579 2892; x_wconf 75' lang='grc' dir='ltr'>περὶ</span> <span class='ocrx_word' id='word_1_158' title='bbox 608 2810 665 2869; x_wconf 86' lang='grc' dir='ltr'>τῶν</span> <span class='ocrx_word' id='word_1_159' title='bbox 696 2807 863 2895; x_wconf 76' lang='grc' dir='ltr'>χρημάτων</span> <span class='ocrx_word' id='word_1_160' title='bbox 891 2800 988 2866; x_wconf 77' lang='grc' dir='ltr'>ταύτὰ</span> <span class='ocrx_word' id='word_1_161' title='bbox 1008 2810 1115 2887; x_wconf 82' lang='grc' dir='ltr'>γνώυαι</span> <span class='ocrx_word' id='word_1_162' title='bbox 1143 2805 1229 2870; x_wconf 77' lang='grc' dir='ltr'>ἱκανοὶ</span> 
     </span>
     <span class='ocr_line' id='line_1_22' title="bbox 257 2907 1230 3004; baseline -0.002 -27"><span class='ocrx_word' id='word_1_163' title='bbox 257 2912 310 3001; x_wconf 83' lang='grc' dir='ltr'>μὲν</span> <span class='ocrx_word' id='word_1_164' title='bbox 331 2910 442 2976; x_wconf 68' lang='grc' dir='ltr'>ἐνθάδε</span> <span class='ocrx_word' id='word_1_165' title='bbox 462 2918 505 2998; x_wconf 84' lang='grc' dir='ltr'>τῷ</span> <span class='ocrx_word' id='word_1_166' title='bbox 528 2912 584 2975; x_wconf 86' lang='grc' dir='ltr'>υἱεῖ</span> <span class='ocrx_word' id='word_1_167' title='bbox 603 2911 740 3002; x_wconf 76' lang='grc' dir='ltr'>ἑκάτερον</span> <span class='ocrx_word' id='word_1_168' title='bbox 764 2908 933 2973; x_wconf 85' lang='grc' dir='ltr'>καταλιπεῖν</span> <span class='ocrx_word' id='word_1_169' title='bbox 952 2910 990 2973; x_wconf 74' lang='grc' dir='ltr'>τὰ</span> <span class='ocrx_word' id='word_1_170' title='bbox 1007 2907 1037 2972; x_wconf 79' lang='grc' dir='ltr'>δ’</span> <span class='ocrx_word' id='word_1_171' title='bbox 1053 2910 1134 2975; x_wconf 81' lang='grc' dir='ltr'>ἄλλα</span> <span class='ocrx_word' id='word_1_172' title='bbox 1157 2913 1230 3004; x_wconf 81' lang='grc' dir='ltr'>παρ’</span> 
     </span>
     <span class='ocr_line' id='line_1_23' title="bbox 259 3017 1232 3107; baseline -0.002 -22"><span class='ocrx_word' id='word_1_173' title='bbox 259 3021 357 3096; x_wconf 81' lang='grc' dir='ltr'>αὐτοῖς</span> <span class='ocrx_word' id='word_1_174' title='bbox 371 3024 457 3107; x_wconf 86' lang='grc' dir='ltr'>ἔχειν.</span> <span class='ocrx_word' id='word_1_175' title='bbox 481 3018 659 3102; x_wconf 87' lang='lat' dir='ltr'>asyndeton</span> <span class='ocrx_word' id='word_1_176' title='bbox 677 3017 755 3079; x_wconf 85' lang='lat' dir='ltr'>hnic</span> <span class='ocrx_word' id='word_1_177' title='bbox 776 3017 850 3077; x_wconf 88' lang='lat' dir='ltr'>loco</span> <span class='ocrx_word' id='word_1_178' title='bbox 871 3034 938 3077; x_wconf 92' lang='lat' dir='ltr'>non</span> <span class='ocrx_word' id='word_1_179' title='bbox 956 3019 1120 3093; x_wconf 85' lang='lat' dir='ltr'>convenit,</span> <span class='ocrx_word' id='word_1_180' title='bbox 1145 3021 1232 3083; x_wconf 79' lang='lat' dir='ltr'>unda</span> 
     </span>
     <span class='ocr_line' id='line_1_24' title="bbox 257 3121 1231 3210; baseline 0 -15"><span class='ocrx_word' id='word_1_181' title='bbox 257 3132 335 3196; x_wconf 89' lang='lat' dir='ltr'>olim</span> <span class='ocrx_word' id='word_1_182' title='bbox 362 3128 500 3191; x_wconf 89' lang='lat' dir='ltr'>arbitror</span> <span class='ocrx_word' id='word_1_183' title='bbox 520 3126 676 3210; x_wconf 86' lang='lat' dir='ltr'>scripturn</span> <span class='ocrx_word' id='word_1_184' title='bbox 699 3124 811 3186; x_wconf 85' lang='lat' dir='ltr'>inisse:</span> <span class='ocrx_word' id='word_1_185' title='bbox 834 3121 1231 3195; x_wconf 83' lang='grc' dir='ltr'><strong>ΓΝΩΝΑΙΚΑΙΤΑΜΕΝ</strong></span> 
     </span>
     <span class='ocr_line' id='line_1_25' title="bbox 259 3231 1231 3329; baseline -0.004 -26"><span class='ocrx_word' id='word_1_186' title='bbox 259 3240 377 3329; x_wconf 78' lang='grc' dir='ltr'>(γνῶναι</span> <span class='ocrx_word' id='word_1_187' title='bbox 399 3235 450 3301; x_wconf 82' lang='grc' dir='ltr'>καὶ</span> <span class='ocrx_word' id='word_1_188' title='bbox 472 3234 512 3301; x_wconf 78' lang='grc' dir='ltr'>τὰ</span> <span class='ocrx_word' id='word_1_189' title='bbox 535 3231 600 3320; x_wconf 83' lang='grc' dir='ltr'>μέν)</span> <span class='ocrx_word' id='word_1_190' title='bbox 624 3242 654 3295; x_wconf 86' lang='lat' dir='ltr'>et</span> <span class='ocrx_word' id='word_1_191' title='bbox 675 3232 808 3294; x_wconf 78' lang='lat' dir='ltr'>fortasse</span> <span class='ocrx_word' id='word_1_192' title='bbox 829 3234 911 3316; x_wconf 85' lang='grc' dir='ltr'>σχεῖν</span> <span class='ocrx_word' id='word_1_193' title='bbox 929 3250 989 3314; x_wconf 88' lang='lat' dir='ltr'>pro</span> <span class='ocrx_word' id='word_1_194' title='bbox 1005 3233 1097 3317; x_wconf 79' lang='grc' dir='ltr'>ἔχεινι</span> <span class='ocrx_word' id='word_1_195' title='bbox 1122 3236 1231 3320; x_wconf 87' lang='lat' dir='ltr'>sequi-</span> 
     </span>
     <span class='ocr_line' id='line_1_26' title="bbox 257 3339 1231 3437; baseline -0.001 -25"><span class='ocrx_word' id='word_1_196' title='bbox 257 3358 326 3412; x_wconf 85' lang='lat' dir='ltr'>tur:</span> <span class='ocrx_word' id='word_1_197' title='bbox 349 3349 469 3435; x_wconf 77' lang='grc' dir='ltr'>ἡγοῦντο</span> <span class='ocrx_word' id='word_1_198' title='bbox 492 3339 529 3407; x_wconf 69' lang='grc' dir='ltr'>δὲ</span> <span class='ocrx_word' id='word_1_199' title='bbox 547 3341 597 3408; x_wconf 82' lang='grc' dir='ltr'>καὶ</span> <span class='ocrx_word' id='word_1_200' title='bbox 620 3342 661 3406; x_wconf 80' lang='grc' dir='ltr'>τὰ</span> <span class='ocrx_word' id='word_1_201' title='bbox 680 3339 744 3406; x_wconf 83' lang='grc' dir='ltr'>ἐκεῖ</span> <span class='ocrx_word' id='word_1_202' title='bbox 761 3345 840 3427; x_wconf 83' lang='grc' dir='ltr'>ὅμως</span> <span class='ocrx_word' id='word_1_203' title='bbox 860 3341 955 3432; x_wconf 71' lang='lat' dir='ltr'>opion</span> <span class='ocrx_word' id='word_1_204' title='bbox 975 3340 1045 3404; x_wconf 78' lang='grc' dir='ltr'>εἶναι</span> <span class='ocrx_word' id='word_1_205' title='bbox 1060 3342 1110 3406; x_wconf 85' lang='grc' dir='ltr'>ἴσα</span> <span class='ocrx_word' id='word_1_206' title='bbox 1130 3350 1231 3437; x_wconf 84' lang='grc' dir='ltr'>ὥσπερ</span> 
     </span>
     <span class='ocr_line' id='line_1_27' title="bbox 259 3448 1231 3539; baseline -0.003 -18"><span class='ocrx_word' id='word_1_207' title='bbox 259 3455 309 3523; x_wconf 79' lang='grc' dir='ltr'>καὶ</span> <span class='ocrx_word' id='word_1_208' title='bbox 337 3456 377 3520; x_wconf 81' lang='grc' dir='ltr'>τὰ</span> <span class='ocrx_word' id='word_1_209' title='bbox 408 3449 520 3519; x_wconf 63' lang='grc' dir='ltr'>ἐνθάδε</span> <span class='ocrx_word' id='word_1_210' title='bbox 529 3503 542 3535; x_wconf 92' lang='grc'>,</span> <span class='ocrx_word' id='word_1_211' title='bbox 576 3451 640 3512; x_wconf 90' lang='lat' dir='ltr'>imo</span> <span class='ocrx_word' id='word_1_212' title='bbox 674 3469 766 3513; x_wconf 87' lang='lat' dir='ltr'>vero:</span> <span class='ocrx_word' id='word_1_213' title='bbox 784 3448 898 3535; x_wconf 87' lang='grc' dir='ltr'>·ὁμοι’ως</span> <span class='ocrx_word' id='word_1_214' title='bbox 932 3448 1027 3539; x_wconf 70' lang='lat' dir='ltr'>opion</span> <span class='ocrx_word' id='word_1_215' title='bbox 1054 3448 1231 3519; x_wconf 79' lang='lat' dir='ltr'>ElNAlCA</span> 
     </span>
     <span class='ocr_line' id='line_1_28' title="bbox 263 3558 1232 3652; baseline -0.005 -21"><span class='ocrx_word' id='word_1_216' title='bbox 263 3564 346 3652; x_wconf 84' lang='grc' dir='ltr'>(εἶναι</span> <span class='ocrx_word' id='word_1_217' title='bbox 368 3562 444 3647; x_wconf 68' lang='grc' dir='ltr'>σοι’),</span> <span class='ocrx_word' id='word_1_218' title='bbox 475 3558 567 3646; x_wconf 93' lang='lat' dir='ltr'>quod</span> <span class='ocrx_word' id='word_1_219' title='bbox 590 3558 732 3621; x_wconf 78' lang='lat' dir='ltr'>Atticum</span> <span class='ocrx_word' id='word_1_220' title='bbox 762 3567 808 3619; x_wconf 87' lang='lat' dir='ltr'>est</span> <span class='ocrx_word' id='word_1_221' title='bbox 838 3578 900 3643; x_wconf 91' lang='lat' dir='ltr'>pro</span> <span class='ocrx_word' id='word_1_222' title='bbox 931 3565 1009 3622; x_wconf 86' lang='grc' dir='ltr'>σῶα.</span> <span class='ocrx_word' id='word_1_223' title='bbox 1041 3567 1076 3620; x_wconf 88' lang='lat' dir='ltr'>nt</span> <span class='ocrx_word' id='word_1_224' title='bbox 1103 3561 1137 3623; x_wconf 90' lang='lat' dir='ltr'>in</span> <span class='ocrx_word' id='word_1_225' title='bbox 1166 3561 1232 3626; x_wconf 84' lang='lat' dir='ltr'>fra·</span> 
     </span>
     <span class='ocr_line' id='line_1_29' title="bbox 254 3664 1138 3762; baseline -0.009 -24"><span class='ocrx_word' id='word_1_226' title='bbox 254 3682 384 3762; x_wconf 84' lang='lat' dir='ltr'>gmento</span> <span class='ocrx_word' id='word_1_227' title='bbox 405 3666 567 3753; x_wconf 87' lang='lat' dir='ltr'>Euripidis</span> <span class='ocrx_word' id='word_1_228' title='bbox 587 3664 677 3750; x_wconf 85' lang='lat' dir='ltr'>apud</span> <span class='ocrx_word' id='word_1_229' title='bbox 697 3665 856 3731; x_wconf 81' lang='lat' dir='ltr'>Valcken.</span> <span class='ocrx_word' id='word_1_230' title='bbox 880 3665 979 3727; x_wconf 86' lang='lat' dir='ltr'>Diatr.</span> <span class='ocrx_word' id='word_1_231' title='bbox 1005 3688 1038 3750; x_wconf 89' lang='lat' dir='ltr'>p.</span> <span class='ocrx_word' id='word_1_232' title='bbox 1060 3666 1138 3730; x_wconf 72' lang='lat'>214.</span> 
     </span>
     <span class='ocr_line' id='line_1_30' title="bbox 431 3771 1067 3867; baseline -0.009 -22"><span class='ocrx_word' id='word_1_233' title='bbox 431 3782 545 3867; x_wconf 80' lang='grc' dir='ltr'>εὔσημα</span> <span class='ocrx_word' id='word_1_234' title='bbox 568 3773 617 3840; x_wconf 83' lang='grc' dir='ltr'>καὶ</span> <span class='ocrx_word' id='word_1_235' title='bbox 642 3785 684 3839; x_wconf 83' lang='grc' dir='ltr'>σοῖ</span> <span class='ocrx_word' id='word_1_236' title='bbox 707 3771 756 3838; x_wconf 76' lang='grc' dir='ltr'>καὶ</span> <span class='ocrx_word' id='word_1_237' title='bbox 780 3775 1067 3865; x_wconf 72' lang='grc' dir='ltr'>κατεσφραγισμένα.</span> 
     </span>
     <span class='ocr_line' id='line_1_31' title="bbox 256 3881 1314 3967; baseline -0.009 -12"><span class='ocrx_word' id='word_1_238' title='bbox 256 3890 378 3955; x_wconf 87' lang='lat' dir='ltr'>Eodem</span> <span class='ocrx_word' id='word_1_239' title='bbox 402 3888 501 3953; x_wconf 88' lang='lat' dir='ltr'>modo</span> <span class='ocrx_word' id='word_1_240' title='bbox 523 3893 583 3951; x_wconf 84' lang='grc' dir='ltr'>σῶν</span> <span class='ocrx_word' id='word_1_241' title='bbox 602 3884 737 3947; x_wconf 78' lang='lat' dir='ltr'>feliciter</span> <span class='ocrx_word' id='word_1_242' title='bbox 759 3882 873 3967; x_wconf 78' lang='lat' dir='ltr'>Lysiae</span> <span class='ocrx_word' id='word_1_243' title='bbox 894 3881 1036 3945; x_wconf 84' lang='lat' dir='ltr'>reddidit</span> <span class='ocrx_word' id='word_1_244' title='bbox 1066 3896 1230 3950; x_wconf 89' lang='lat' dir='ltr'>corrector</span> <span class='ocrx_word' id='word_1_245' title='bbox 1311 3940 1314 3946; x_wconf 80' lang='grc'>,</span> 
     </span>
    </p>
   </div>
   <div class='ocr_carea' id='block_1_4' title="bbox 148 3991 1228 4088">
    <p class='ocr_par' dir='ltr' id='par_1_4' title="bbox 148 3991 1228 4088">
     <span class='ocr_line' id='line_1_32' title="bbox 148 3991 1228 4088; baseline -0.001 -24"><span class='ocrx_word' id='word_1_246' title='bbox 148 4030 150 4033; x_wconf 53' lang='grc'>’</span> <span class='ocrx_word' id='word_1_247' title='bbox 258 3999 381 4067; x_wconf 88' lang='lat' dir='ltr'>codicis</span> <span class='ocrx_word' id='word_1_248' title='bbox 408 3998 445 4065; x_wconf 86' lang='lat' dir='ltr'>C.</span> <span class='ocrx_word' id='word_1_249' title='bbox 472 4024 505 4088; x_wconf 84' lang='lat' dir='ltr'>p.</span> <span class='ocrx_word' id='word_1_250' title='bbox 532 3996 594 4063; x_wconf 81' lang='lat'>160</span> <span class='ocrx_word' id='word_1_251' title='bbox 624 3994 712 4084; x_wconf 82' lang='grc'><strong>(391.</strong></span> <span class='ocrx_word' id='word_1_252' title='bbox 744 3994 799 4080; x_wconf 88' lang='grc' dir='ltr'><strong>Β.)</strong></span> <span class='ocrx_word' id='word_1_253' title='bbox 827 3998 881 4071; x_wconf 84' lang='grc' dir='ltr'>ἕως</span> <span class='ocrx_word' id='word_1_254' title='bbox 906 3991 939 4064; x_wconf 80' lang='grc' dir='ltr'>τὸ,</span> <span class='ocrx_word' id='word_1_255' title='bbox 961 3995 1228 4087; x_wconf 78' lang='grc' dir='ltr'>ςρατότσδονσῶν</span> 
     </span>
    </p>
   </div>
   <div class='ocr_carea' id='block_1_5' title="bbox 0 0 1557 4942">
    <p class='ocr_par' dir='ltr' id='par_1_5' title="bbox 0 0 1557 4942">
     <span class='ocr_line' id='line_1_33' title="bbox 0 0 1557 4942; baseline 0 0"><span class='ocrx_word' id='word_1_256' title='bbox 0 0 1557 4942; x_wconf 95' lang='lat' dir='ltr'> </span> 
     </span>
    </p>
   </div>
  </div>
 </body>
</html>
