3100 4942
782 598 856 672 154

346 820 459 893 contra
479 819 608 897 Θίᾳιλις
634 840 653 884 a
678 818 833 904 Θεςύλος,
856 813 971 886 Ἡδύλη
993 812 1036 878 ab
1057 810 1183 889 Ἡδύλος
1207 822 1240 877 et
1260 825 1318 878 rst-

343 940 432 1001 σείσω
453 926 614 1015 Ptsdyte.
649 925 735 1007 Quid
757 922 964 987 indoctorum
986 920 1163 985 scribarum
1185 922 1314 1006 opinio⁴

342 1064 398 1109 nes
423 1040 622 1106 sciscitemur
644 1034 679 1097 in
705 1033 742 1097 iis
763 1051 851 1117 quae
873 1036 962 1092 certo
978 1029 1103 1093 scimus
1124 1030 1212 1117 ipsi?
1241 1030 1315 1111 Quo

343 1150 445 1237 magis
467 1155 624 1235 appareat
646 1165 747 1230 quam
765 1141 841 1207 vilia
862 1140 924 1203 sint
942 1149 973 1202 et
988 1140 1224 1204 contemnenda
1243 1141 1314 1226 ple·

343 1279 447 1345 raque
472 1275 558 1344 quae
582 1274 620 1318 ex
643 1250 839 1339 quibusdam
862 1248 1031 1313 codicibus
1060 1237 1311 1335 expromuntur,

345 1367 477 1433 afferam
503 1363 694 1449 'exemplum
728 1380 766 1422 ex
799 1360 862 1422 alio
893 1359 1060 1443 scriptore.
1106 1358 1146 1422 ln
1175 1358 1315 1445 Dionysii

342 1472 629 1540 Halicarnassensis
649 1469 819 1532 Prooemio
840 1468 1050 1552 Antiquitatis
1070 1468 1240 1532 Romanae
1268 1456 1316 1531 le-

344 1586 430 1674 gitur
467 1584 538 1670 §2
568 1580 608 1647 ‘H
632 1576 684 1667 μὲν
709 1578 769 1671 γάρ
799 1576 988 1668 (Ἀσσυρίων)
1017 1578 1102 1669 άρχὴ
1126 1576 1242 1643 παλαιά
1271 1600 1314 1655 τις

344 1686 417 1760 σύσα
432 1689 483 1759 καί
501 1690 539 1766 εἷς
561 1687 626 1763 τούς
644 1684 784 1775 μυθικοὺς
805 1688 969 1774 ἀναγομένη
987 1689 1105 1776 χρόνους
1122 1687 1218 1777 ὀλίγον
1240 1689 1313 1765 τινὸς

344 1804 485 1897 ἐκράτησε
517 1808 569 1874 τῆς
596 1796 700 1870 Ἀσίας
729 1798 845 1883 μέρους.
880 1797 900 1864 ἡ
928 1794 964 1860 δὲ
993 1795 1115 1870 Μηδικὴ
1144 1796 1314 1864 καθελοῦσα

345 1916 400 1985 τὴν
430 1908 595 1999 Ἀσσυρίων
628 1903 678 1969 καί
711 1902 829 1991 pedona
864 1902 1024 1978 δνναςείαν
1059 1906 1313 1998 (περιβαλομένη)

345 2026 451 2116 χρόνον
472 2018 505 2087 ού
529 2014 644 2107 (πολύν)
667 2014 812 2100 κατέσχεν
832 2010 902 2077 ἀλλ’
924 2012 970 2081 ἐπί
992 2023 1043 2090 τῆς
1065 2020 1208 2108 τετάρτης
1228 2044 1315 2087 κατε-

345 2134 425 2209 λύθη
441 2139 553 2220 γενεάς.
590 2124 705 2218 Πέρσαι
723 2120 759 2189 δὲ
782 2123 808 2187 οἱ
828 2119 953 2199 Μήδους
976 2131 1244 2215 καταγωνισάμενοι
1263 2140 1313 2208 τῆς

345 2242 397 2332 μὲν
426 2239 529 2313 Ἀσίας
559 2237 653 2324 ὀλίγον
687 2232 750 2301 δεῖν
782 2237 880 2309 πάσης
910 2234 1098 2313 τελευτῶντες
1126 2236 1294 2332 ἐκράτησαν
1300 2298 1314 2331 ,

345 2352 576 2441 ἐπιχειρήσαντες
598 2340 700 2410 δὲκαὶ
720 2346 780 2419 τοῖς
806 2342 1012 2437 (Εὐρωπαίοις)
1034 2349 1146 2414 ἔθνεσιν
1166 2350 1200 2416 ού
1218 2352 1313 2419 πολλὰ

345 2454 559 2549 (ὑπηγάγοντο)
568 2504 581 2539 ,
613 2450 745 2543 (χρόνον)
776 2475 809 2518 τε
832 2451 864 2517 ού
889 2453 988 2541 πολλῷ
1017 2454 1134 2522 πλείονα
1160 2456 1315 2529 διακοσίων

348 2568 447 2656 (ἐτῶν)
482 2559 620 2655 (ἔμειναν)
647 2560 695 2628 ἐπὶ
717 2570 769 2637 τῆς
793 2563 904 2652 ἀρχῆς.
952 2564 1058 2629 Locus
1088 2589 1183 2632 sanus
1207 2582 1254 2634 est
1284 2583 1316 2636 et

340 2683 484 2767 integere
505 2671 586 2737 nibil
608 2680 654 2733 est
681 2690 791 2756 neque
811 2671 846 2733 in
868 2672 1030 2735 sententiis
1059 2694 1167 2759 neque
1194 2679 1228 2740 in
1250 2680 1314 2743 sin-

344 2787 427 2877 gulis
446 2782 567 2858 verbis,
592 2779 685 2865 quod
706 2797 774 2841 non
795 2779 834 2841 sit
851 2788 977 2862 rectum
999 2790 1031 2843 et
1050 2780 1132 2846 bene
1154 2784 1314 2851 Graecum

343 2906 400 2961 aut
419 2893 579 2977 discrepet
598 2888 640 2952 ab
660 2886 795 2975 ingenio
809 2898 841 2950 et
863 2908 953 2951 more
971 2889 1112 2976 Dionysii
1128 2896 1178 2958 rel
1196 2917 1315 2983 aequa-

343 3006 436 3069 lium.
469 2998 592 3065 Deinde
611 3007 698 3061 certa
717 3006 764 3061 est
781 2998 980 3083 singulorum
998 3004 1190 3067 auctoritas:
1215 3026 1317 3090 quan·
1386 3057 1389 3062 ,

343 3112 416 3177 tisis
436 3108 532 3196 pretii
554 3106 720 3184 codicem,
750 3126 851 3190 quem
876 3107 911 3168 in
934 3104 1083 3172 Cbisiana
1115 3106 1316 3177 Bibliotheca

344 3223 473 3287 Romae
492 3216 559 3285 ridi
579 3217 699 3280 saeculi
716 3217 783 3280 fere
802 3215 849 3279 xl
867 3215 903 3279 in
921 3216 1115 3282 membranis
1131 3219 1317 3283 nitidissime

346 3330 516 3416 scriptum,
540 3311 858 3391 habemusomnium
878 3303 1043 3390 auctorem
1062 3348 1102 3390 ac
1121 3338 1230 3391 testem
1249 3328 1318 3392 ido

347 3457 455 3504 neum.
489 3437 605 3522 Itaque
626 3436 707 3521 quid
730 3434 888 3500 attinebat
908 3455 948 3499 ex
970 3436 1040 3498 aliis
1062 3436 1260 3523 apographis
1285 3448 1318 3502 et

347 3546 479 3612 vetustis
496 3543 690 3609 editionibus
708 3544 766 3608 has
785 3566 888 3631 nugas
904 3545 1025 3609 criticis
1041 3566 1223 3634 apponere:
1247 3548 1317 3613 άσν

341 3657 418 3749 ,ρίων
434 3690 478 3703 -
495 3652 722 3747 περιβαλλομένη
739 3694 785 3703 -
805 3653 914 3721 πολλύν
933 3691 978 3705 -
997 3654 1163 3749 εύρωπαίοις
1183 3692 1229 3705 -
1246 3655 1319 3730 ἐπη-

349 3773 479 3857 γάγοντο
487 3816 500 3851 ,
523 3762 696 3851 ε’πιχοίχοντο
711 3800 755 3811 -
772 3767 886 3858 χρόνων
907 3788 938 3830 τε
959 3762 992 3829 ού
1014 3762 1114 3855 πολλῷ
1133 3763 1229 3831 πλεῖον
1249 3764 1318 3831 διαε

346 3876 452 3941 κοσίων
484 3877 616 3962 ἔμειναν,
649 3873 683 3935 in
715 3893 784 3958 quo
817 3870 968 3935 Graeculi
996 3870 1144 3935 fraudem
1176 3876 1321 3959 agnoscis

344 3984 565 4061 manifestam
588 3982 651 4069 qui·
667 4004 770 4067 quum
790 3983 942 4067 aequales
962 3985 1059 4078 χρόνοι
1080 4003 1141 4070 pro
1162 3986 1211 4059 ἔτη
1232 4004 1319 4046 usur·

342 4116 422 4183 pare
443 4092 579 4163 solerent
609 4101 640 4156 et
671 4091 767 4156 semel
793 4094 905 4182 χρύνων
926 4115 989 4181 pro
1013 4097 1115 4188 χρόνον
1143 4096 1321 4183 scripsisset
