3100 4942
759 546 832 618 10ss

300 768 403 854 qu'urn
432 764 476 827 ob
507 764 622 827 octrlos
651 762 786 827 baberet
817 764 916 827 borno
944 762 1109 848 stupidus:
1143 766 1278 835 ΕΑΝΕ-

305 868 1254 943 ΓΩΔΙΑΡΡΑΓΩΟΥΔΕΝΜΟΝΗΕΕΙΠΕΙΘΙΘΑΡΡΩΝ
1264 926 1279 960 ,

304 1024 434 1091 prorsus
457 1001 537 1063 nibil
559 1020 598 1063 ex
621 999 670 1062 his
692 998 872 1086 intelligens
893 998 1037 1085 scripsit:
1060 992 1280 1091 εανεφωδιοερ·

303 1148 398 1219 pays:
413 1117 505 1192 ονδεν
519 1140 626 1216 μονησ
641 1143 664 1187 ει
682 1115 775 1187 πείθει
797 1116 935 1214 θαρρῶν.
962 1126 1040 1190 binc
1072 1126 1108 1192 in
1138 1148 1278 1217 apogra-

302 1240 375 1325 phis
407 1240 539 1326 iegitur:
572 1236 625 1301 ἐὰν
650 1233 891 1327 ε’γὼδιαρροιγῶ
917 1234 1001 1301 οὐδὲν
1030 1240 1116 1325 μόνης
1143 1238 1168 1302 εἰ
1191 1238 1278 1303 acerbe:

303 1350 429 1443 θαρρῶν.
449 1348 536 1411 unde
557 1346 712 1416 Canterus
730 1348 800 1409 πῖθι
808 1401 822 1435 ,
844 1344 1013 1411 Piersonus
1031 1347 1116 1415 οὐδέν
1135 1348 1167 1437 μ’
1185 1349 1279 1420 ὀνήσει

304 1462 522 1523 restituerunt.
569 1452 669 1518 Paulo
701 1466 772 1542 post
802 1476 884 1543 pro:
923 1457 1277 1526 HACtNAKPATOY-

302 1584 670 1655 nnuocorusnut
693 1587 839 1673 scripse:
869 1567 1224 1677 πᾶσινανραούμενα.
1239 1570 1274 1647 ον

305 1709 426 1803 γεῦμα.
468 1714 593 1777 Auctor
613 1715 790 1801 Epitomes,
812 1713 923 1777 inietix
942 1715 1121 1779 coniector:
1144 1716 1276 1809 ἀκράτου

302 1825 399 1915 μέρος.
428 1827 524 1911 γεῦμα
547 1823 721 1907 rescripsit.
754 1822 876 1887 Verum
898 1822 979 1886 vidit
1008 1822 1277 1889 Valckenaerius:

304 1931 438 2019 ἀκράτου
461 1929 512 2017 μὲν
533 1934 602 1993 ὅσον
628 1934 736 2019 γεῦμα.
772 1929 812 1993 Et
833 1929 879 1992 sic
903 1949 963 2014 per
992 1950 1102 1993 ornnes
1123 1931 1283 1997 Athenaei

303 2038 402 2101 libros
420 2042 531 2125 iugens
550 2038 672 2126 ubique
692 2049 737 2103 est
757 2041 904 2102 locorum
922 2057 1074 2103 numerus
1098 2039 1280 2108 incredibili

305 2148 453 2212 socordia
477 2146 747 2235 depravatbrurn,
772 2148 831 2233 qui
853 2144 1027 2209 manifestis
1047 2147 1282 2213 emendationi·

305 2255 366 2321 bus
395 2259 531 2321 restituti
560 2269 633 2323 sunt
656 2268 712 2321 aut
735 2257 959 2330 restituentur,
995 2252 1052 2318 ubi
1078 2258 1174 2320 semel
1200 2278 1280 2321 con-

307 2363 402 2427 stabit
424 2364 466 2428 de
484 2367 629 2451 genuinis
649 2366 805 2451 antiquae
824 2364 1003 2453 scripturae
1021 2363 1179 2449 reliquiis,
1199 2387 1282 2451 quas

306 2471 422 2535 unicus
450 2470 553 2534 codex
578 2472 723 2535 servavit.
764 2470 803 2533 In
832 2468 896 2533 hac
922 2468 994 2555 ipsa
1018 2470 1140 2556 pagine
1162 2471 1227 2537 693
1248 2493 1278 2537 c.

305 2577 400 2641 nimis
420 2578 528 2662 inepte
550 2577 660 2640 adbuc
682 2578 833 2664 legimus:

362 2682 445 2773 ἐκπίῃ
467 2682 559 2759 δέπας
581 2684 647 2777 πρὶν
669 2686 790 2775 ἀγαθοῦ
813 2681 948 2770 δαίμονος
969 2689 1086 2771 πρῶτον
1108 2681 1221 2771 λαβεῖν.

309 2812 437 2877 Codex:
468 2802 712 2886 εκπεπιηδεκοισ.
749 2814 836 2897 lege:
859 2809 1081 2885 ἐκπεπήδηκας.
1104 2834 1141 2896 p.
1162 2809 1229 2874 eet
1247 2811 1279 2877 b.

309 2929 419 2997 ποίντες
441 2918 498 3009 μὲν
523 2918 605 3009 ᾖδον.
633 2922 664 2987 οὐ
695 2924 753 3007 μὴν
776 2919 862 2986 ἀλλοί
889 2946 923 3008 γε
951 2923 1033 2984 κατοί
1061 2943 1125 2985 τινα
1152 2919 1284 3011 περίοδον

310 3032 343 3100 ἐκ
364 3032 520 3119 διαδοχῆς.
557 3031 687 3096 Scribe:
718 3032 750 3097 οὐ
773 3035 830 3120 μὴν
856 3038 923 3118 ἅμα
946 3054 980 3118 ye
1004 3028 1087 3094 ἀλλὰ
1112 3034 1194 3095 κατοί
1219 3031 1280 3097 κτὲ.

309 3145 385 3231 Pag.
403 3142 469 3206 694
489 3162 519 3203 c.
544 3160 621 3225 pro:

466 3246 598 3314 Πλούτου
619 3245 721 3337 μητέρ’
742 3246 908 3335 Ὀλυμπίοιο
928 3245 1019 3312 ἀείδω

465 3354 608 3446 Δήμητρα
629 3361 832 3449 ςεφανκφίροτς
854 3358 884 3423 ἐν
905 3364 996 3450 ὥραις

464 3472 502 3531 σέ
519 3490 550 3531 τε
572 3471 632 3533 παῖ
650 3468 717 3544 Διὸς
725 3520 738 3553 ,
760 3470 927 3559 Περσεφόνη
936 3519 949 3552 ,

465 3577 623 3667 χαίρετον,
646 3571 676 3643 εὖ
696 3577 732 3645 δὲ
754 3576 840 3647 τάνδ’
862 3578 1028 3668 ἀμφέπετον
1049 3573 1142 3643 πίνον.

354 3704 496 3789 scripsit:
541 3688 1283 3793 πλοντονμητερολνμπιοινειδωδημητραςεςε·

311 3815 562 3919 φανηφίροισο-
576 3845 747 3919 φερσεφονη
760 3858 812 3871 -
824 3816 1050 3916 τανδοιμφετον
1064 3812 1176 3911 πόλιν,
1199 3829 1286 3892 unde

309 3942 420 4003 saitem
448 3943 609 4035 Φερσεφόνη
637 3940 874 4027 recipiendum:
900 3948 1014 4001 contra
1043 3936 1218 4001 barbarum
1240 3946 1286 4000 est

312 4050 471 4142 Δημήτραν
503 4050 594 4139 quod
622 4050 824 4117 Hermannus
850 4047 1030 4136 reponebat
1055 4046 1214 4133 deceptus
1245 4044 1287 4108 ab
