3100 4942
724 523 771 595 87

258 744 402 830 reliquiis
420 743 533 811 veteris
554 742 734 829 scripturae
753 752 928 829 corruptae
946 753 979 809 ct
996 745 1128 812 mutilae
1146 748 1230 811 eruit

257 853 378 917 Bakius
395 851 495 916 haec:
520 852 682 943 σἰςρατείας
701 848 753 939 μὲν
768 856 812 917 ὅτι
827 852 994 941 καταλεγεὶς
1016 854 1055 920 ού
1084 863 1230 949 παρῆν,

259 958 490 1038 λιποταξίου
520 960 552 1027 δ’
582 966 640 1029 ὅτι
662 962 714 1027 ούκ
738 958 849 1038 ἐξῆλθε
874 961 935 1049 μεθ’
952 961 1035 1049 ὑμῶν
1065 988 1229 1057 ςρατεν·

260 1074 413 1160 ομένων.
456 1070 556 1157 Magis
575 1073 671 1135 etiam
692 1069 792 1133 miror
812 1094 846 1154 p.
872 1067 934 1132 140
951 1068 1025 1154 (alt
1051 1070 1104 1156 Β.)
1126 1095 1231 1158 quum

259 1180 389 1265 vulgata
408 1178 505 1243 lectio
526 1188 622 1243 esset:
645 1173 831 1243 οὐδεπώποτε
853 1176 1074 1253 ὁπλιτεύσαντες
1097 1180 1229 1245 ἱππεύ-

261 1310 400 1361 σαντες
423 1282 466 1353 δί
487 1284 620 1371 probari
640 1283 789 1349 Bekkcro
810 1286 952 1370 potuisse
970 1286 1131 1351 infelicem
1148 1288 1233 1351 eius·

260 1393 334 1457 dem
346 1393 484 1457 hominis
498 1391 731 1457 correctionem
743 1394 856 1484 ἔφιπποι
865 1390 902 1456 δὲ
912 1396 990 1467 ὅντες
996 1444 1010 1477 ,
1021 1392 1115 1478 quod
1127 1414 1232 1479 paene

260 1499 436 1564 ridiculum
456 1507 513 1563 ast.
538 1522 572 1583 p.
597 1495 656 1559 141
685 1496 767 1583 (sla
786 1495 839 1580 Β.)
864 1517 925 1583 pro
946 1498 996 1562 καί
1020 1504 1068 1565 ὅτε
1089 1498 1142 1587 μὲν
1159 1503 1231 1577 παῖς

258 1606 292 1681 ἦν
316 1612 395 1673 ούπω
423 1604 509 1681 δῆλος
535 1602 569 1677 ἦν
595 1604 689 1680 ὁποῖός
715 1629 757 1680 τις
781 1608 847 1679 ἔται
874 1616 1039 1669 corrector
1063 1629 1236 1692 perperam

258 1716 312 1781 καί
327 1716 446 1778 inserto
466 1712 544 1802 legit
564 1716 632 1788 παῖς
650 1710 683 1785 ἦν
705 1711 755 1779 καί
775 1716 857 1779 ούπω
876 1712 967 1789 δῆλος
984 1711 1019 1785 ἦν
1027 1767 1040 1799 ,
1063 1715 1156 1799 quod
1174 1737 1234 1778 au-

259 1846 327 1890 ram
348 1822 494 1887 offendit.
528 1823 639 1885 Melius
661 1833 829 1909 potueratz
857 1827 927 1898 παῖς
952 1830 1003 1890 ὤν.
1028 1822 1107 1887 ibid.
1134 1826 1234 1892 ούιωνν

260 1929 350 1999 decada
356 1983 370 2018 ,
401 1924 425 1996 ὦ
454 1927 559 2020 ἄνδρες
583 1926 729 2014 δικαςαί,
763 1931 878 2006 τούτους
903 1930 956 2019 μὲν
985 1935 1074 2007 οὕτως
1103 1932 1235 2023 εὐωχεῖς

156 2122 157 2125 ¹
262 2044 330 2109 εἶναι
351 2038 407 2114 ὦς’
427 2036 547 2106 ἐπειδὰν
569 2035 826 2131 ἐξαμαρτάνοντες
846 2040 985 2133 ληφθῶσι
1004 2041 1057 2107 διὰ
1081 2044 1114 2109 τδ
1136 2045 1234 2111 αὐτῶν

263 2154 341 2241 γένος
373 2151 549 2235 σώζῑσθαῑ,
581 2150 661 2234 ἡμᾶς
691 2147 748 2235 δέ,
778 2150 803 2214 εἷ
830 2148 1058 2240 ἕδνςϋχύσαμεν
1087 2152 1139 2217 διὰ
1169 2153 1237 2231 τοὺς

263 2262 352 2335 οὕτως
373 2260 574 2331 ἀτακτοῦντας
595 2255 706 2343 μηδένα
727 2257 764 2323 ἂν
789 2256 939 2325 δύνασθαι
960 2262 1045 2354 παρὰ
1065 2267 1123 2339 τῶν
1148 2261 1234 2330 πολε·

264 2369 335 2458 μίων
355 2366 572 2465 ἐξαιτήσασθαι
602 2365 688 2455 μηδ’
718 2366 762 2431 ἂν
786 2369 839 2443 τὰς
859 2376 918 2434 τῶν
937 2372 1085 2459 προγόνων
1104 2374 1236 2463 ἀρετάς,

262 2478 400 2543 correxit
419 2475 496 2565 μηδὲ
512 2472 564 2539 διὰ
586 2478 661 2559 τοὶς,
684 2474 717 2537 in
736 2494 805 2559 quo
820 2473 875 2541 διαί
894 2496 1005 2540 verum
1026 2497 1093 2541 esse
1109 2489 1235 2563 potest,

262 2585 339 2675 μηδέ
363 2586 503 2649 alienum
535 2591 599 2660 est,
632 2583 910 2667 quemadmodum
938 2588 976 2650 ἄν
1005 2585 1039 2648 in
1065 2586 1177 2671 μηδένα
1200 2590 1238 2657 ἂν

265 2695 427 2762 δύνασθαι.
462 2694 539 2779 Peg.
555 2692 619 2757 142
631 2690 723 2777 (344.
737 2691 791 2774 Β.)
810 2689 882 2758 πολὺ
898 2691 1015 2779 μᾶλλον
1032 2693 1130 2769 αὐτοῖς
1147 2721 1238 2789 προα-

263 2812 326 2877 ήιιει
356 2810 415 2869 τῶν
446 2801 585 2867 λιπόντων
618 2801 670 2869 τ’κν
701 2794 788 2875 τοίξιν
820 2802 992 2888 κατηγορεῖν
1020 2801 1038 2871 ἢ
1068 2799 1143 2894 ὑπὲρ
1177 2812 1248 2876 τῶν,

264 2914 394 2979 τοιούτων
422 2908 657 2995 ἀπολογεῖσθαι,
696 2906 835 2967 correxit
867 2905 940 2997 ὑπὲρ
975 2910 1083 2976 τούτων
1114 2922 1147 2975 et
1173 2916 1240 2979 vim

263 3020 437 3086 sententiae
463 3017 567 3101 fregit.
593 3013 706 3076 melius
720 3012 872 3077 λειπόντων
893 3014 1076 3099 scripsisset.
1100 3016 1178 3082 ibid.
1198 3021 1236 3087 ἂν

263 3132 303 3217 μὴ
321 3106 513 3201 ἀποδείξωσιν
531 3160 574 3173 -
596 3121 636 3197 ὡς
658 3118 860 3212 ἐςρατεύσατο
881 3118 989 3195 ἐντοῖς
1012 3123 1143 3202 ὁπλίταις
1160 3130 1179 3199 ἢ
1197 3131 1238 3206 ὡς

263 3238 388 3303 ἱππεύειν
409 3231 679 3319 δεδοκιμασμένος,
715 3226 891 3290 admodum
917 3230 1088 3296 infeliciter
1117 3236 1236 3303 adiecit

261 3344 302 3407 de
313 3362 372 3407 suo
393 3339 454 3416 ἕςίν
461 3391 474 3424 ,
495 3358 535 3402 ac
553 3334 763 3423 praetervidit
778 3334 1042 3419 simplicissimam
1059 3346 1237 3410 correctio-

261 3472 349 3513 nem:
375 3450 497 3516 ἱππεύει.
530 3444 632 3509 Paulo
652 3454 740 3529 post:
761 3440 813 3509 iria
832 3442 867 3510 δὲ
884 3444 977 3532 μηδὲν
993 3451 1109 3536 ἔχοντες
1125 3450 1237 3520 δίκαιον

264 3558 415 3624 κελεύωσιν
440 3558 521 3647 αύτῷ
545 3555 740 3646 ὀργίζεσθαι,
769 3556 936 3642 μεμνῆσθαι
961 3564 1021 3646 χρή
1047 3560 1109 3627 κτὲ.
1135 3585 1240 3648 quum

266 3669 300 3731 in
333 3667 430 3730 codd.
465 3667 603 3729 ferretur
634 3663 731 3727 lectio
764 3662 848 3729 αύτοί
879 3665 1053 3757 ὀργίζεσθαι
1081 3677 1238 3738 correxit:

266 3774 350 3843 αὐτοὶ
374 3775 548 3867 ὀργίζεσθε,
571 3775 737 3860 μεμνῆσθαι
763 3770 805 3869 δὲ,
826 3781 897 3864 χρή.
943 3776 1082 3841 Facilius
1108 3781 1242 3847 credam

265 3886 415 3951 Dohraeo
436 3884 549 3946 dixisse
573 3882 718 3965 Lysiam:
747 3879 900 3947 κελεύωσιν
920 3882 1018 3960 αὐτοῖς
1042 3871 1262 3976 χαρίζεσὲιαι.Ι

266 3994 343 4081 Peg.
372 3990 435 4057 tlt
459 3988 550 4076 (345.
572 3984 625 4071 Β.)
658 3980 738 4064 οὗτος
759 3987 821 4081 γὰρ
843 3992 913 4066 παῖς
933 3988 986 4079 μὲν
1004 3991 1047 4085 ,ὼν
1072 3992 1145 4083 παρ’
1166 3994 1238 4087 Ἀρ.
