3100 4942
802 568 828 640 6

344 793 509 883 cuiusque
536 787 739 858 notationem
762 809 782 857 e
806 788 1008 858 tenuissimis
1033 788 1178 881 vestigiis
1205 792 1301 885 inge·

342 913 436 982 niusa
456 908 658 978 divinatione
678 930 812 997 eruere,
837 906 872 976 id
891 928 969 976 vero
993 913 1027 976 et
1045 908 1296 999 periucundum

341 1009 390 1102 est
410 1041 444 1101 et
464 1029 629 1122 insignem
654 1026 779 1098 habere
802 1035 914 1122 potest
934 1028 1126 1098 utilitatem.
1155 1027 1222 1098 Sed
1240 1053 1295 1121 pe
1376 1008 1378 1011 ⁵

342 1151 509 1222 riculosae
535 1149 674 1245 plenum
693 1172 764 1219 esse
789 1171 876 1244 opus
901 1148 993 1219 aleae
1018 1146 1200 1219 ostendunt
1225 1147 1299 1242 ple·

342 1273 438 1365 rique
465 1292 600 1358 omnes,
624 1269 684 1362 qui
706 1268 855 1338 adhunc
876 1276 1018 1339 aetatem
1038 1265 1227 1337 incredibili
1247 1270 1299 1336 in·

339 1391 468 1462 dustria
500 1399 534 1461 et
564 1391 719 1461 acumina
752 1391 787 1458 in
819 1389 884 1459 boc
912 1412 1032 1482 genere
1064 1387 1295 1458 elaborarunt.

342 1511 530 1606 Sophistica
565 1491 741 1582 ostentatio
770 1519 804 1579 et
817 1508 944 1580 'futiles
974 1509 1212 1579 hariolationes
1236 1532 1294 1577 an·

340 1633 552 1726 tiquiorum,
594 1630 654 1723 qui
696 1628 796 1698 nullo
828 1627 941 1698 stabili
975 1626 1194 1699 fundamento
1226 1627 1297 1697 nixi

341 1750 510 1845 quidquid
551 1748 651 1819 feraci
683 1746 820 1839 ingenio
856 1746 1057 1816 occurrebat
1084 1755 1208 1816 temere
1236 1770 1297 1815 ar-

339 1880 477 1970 reptum
512 1891 576 1963 pro
610 1867 710 1936 certis
742 1864 915 1960 ponebant
952 1889 1063 1959 neque
1099 1867 1199 1937 inter·
1223 1890 1294 1940 sese

340 2012 503 2083 umquam
533 2009 645 2079 neque
681 1982 815 2054 sibimet
841 1987 922 2079 ipsis
935 1979 1188 2055 'consentientes
1210 1985 1292 2056 infe

339 2133 427 2181 mem
444 2106 576 2178 dudum
596 2105 684 2175 hanc
704 2128 840 2200 operam
859 2105 1136 2200 prudentioribus
1155 2112 1189 2175 et
1205 2086 1298 2176 certa

241 2247 243 2254 ’
340 2225 582 2324 quaerentibus
603 2223 845 2314 reddiderunt3
866 2234 901 2296 et
922 2225 1075 2319 prolecto
1099 2224 1296 2296 incredibile

340 2350 434 2419 dictu
463 2354 529 2435 est,
564 2369 667 2438 quam
694 2345 831 2438 putidas
852 2354 886 2415 et
911 2346 1044 2415 insanas
1073 2344 1296 2415 derivationes

340 2471 395 2540 isti
429 2466 651 2560 protnlerint,
684 2467 742 2560 qui
752 2519 766 2557 7
796 2474 834 2535 ut
865 2465 977 2560 lepide
1006 2467 1128 2560 aliquis
1155 2474 1190 2536 et
1217 2489 1296 2536 veie

339 2590 437 2678 dixit,
461 2588 496 2656 in
517 2586 726 2682 Etymologia
746 2587 914 2658 vocalium
930 2587 1080 2678 nullam,
1104 2610 1294 2657 consonan-

340 2714 426 2782 tium
449 2707 663 2805 perexiguam
691 2708 855 2777 rationem
877 2707 1065 2779 habendam
1088 2730 1159 2777 esse
1188 2707 1298 2778 credi·

340 2832 428 2902 disse
461 2828 628 2898 videntur.
677 2825 742 2896 lsta
773 2827 972 2921 opinionum
1002 2835 1192 2897 commenta
1225 2827 1298 2898 dies

342 2949 465 3021 delevit
489 2945 641 3016 deletura
674 2945 794 3014 similia
820 2949 951 3037 omnia,
981 2971 1067 3040 quae
1100 2971 1169 3017 non
1194 2955 1297 3019 ratio·

343 3096 427 3142 num
443 3067 621 3138 momentis
639 3075 799 3160 certaque
814 3066 966 3160 analogia
981 3068 1145 3139 nitantur.
1168 3067 1297 3164 Nempe

343 3191 423 3260 ltuio
457 3188 535 3276 uni,
573 3184 759 3277 analogiam
785 3182 862 3254 dico
891 3186 1058 3254 constanti
1092 3186 1297 3280 scriptorum

240 3367 243 3371 .
343 3335 409 3382 usu
435 3305 685 3390 confirmatam,
712 3326 797 3373 suus
821 3326 955 3397 semper
974 3303 1142 3374 constabit
1162 3327 1243 3374 usus
1264 3315 1299 3375 et

343 3432 506 3534 pretium:
542 3426 623 3496 hnic
660 3423 769 3493 danda
805 3431 856 3495 est
894 3449 1015 3519 opera,
1050 3433 1088 3495 ut
1121 3425 1304 3496 immensas·

344 3551 491 3620 Graecae
525 3545 660 3638 linguae
693 3544 806 3637 copias
840 3542 936 3613 fideli
963 3545 1123 3614 memorie
1156 3545 1300 3616 retinere

346 3679 380 3740 et
405 3668 522 3738 ordine
545 3665 728 3759 explicatas
751 3665 972 3758 contemplari
999 3666 1182 3760 possimus,
1219 3664 1305 3735 huic·

344 3799 435 3860 reete
460 3785 707 3880 superstruitur
731 3784 868 3876 linguae
892 3783 1101 3873 aedilicium,
1127 3784 1218 3878 quod
1239 3808 1298 3855 no·

344 3931 402 3977 vas
439 3930 572 4001 semper
610 3914 644 3974 et
681 3902 870 3972 reconditas
906 3902 1038 3974 divitias
1075 3901 1306 3974 reserantibus

344 4037 533 4124 expromat..
562 4026 636 4098 Non
658 4027 849 4122 spernimus
869 4048 977 4119 neque
1002 4027 1096 4121 parvi
1117 4021 1305 4120 pendimus·
