3100 4942
716 520 789 595 155

256 742 382 829 reliqua
405 733 558 808 od'hauc
584 736 1054 830 scripturam'accommodans
1074 744 1248 833 superva·'

258 872 358 917 cuum
387 852 461 919 ἑτῶν
494 852 611 916 delevit
643 861 674 916 el
706 852 807 919 πλεῖον
837 854 975 940 scripsit.
1002 891 1047 904 -
1066 855 1225 945 ἐπέμειναν.

258 959 413 1025 Pervelim
430 962 527 1049 igitur
545 954 756 1042 Ritscbelius,
781 962 831 1027 vir
852 971 980 1040 acutus,
999 965 1058 1050 qui
1073 956 1230 1053 plurimos

257 1068 392 1133 versavit
426 1069 553 1153 etipse
581 1069 711 1133 codices
743 1079 776 1131 et
808 1070 963 1155 antiquos
984 1079 1016 1133 et
1042 1071 1165 1150 futiles,
1195 1076 1230 1138 in

257 1194 342 1242 nova
369 1177 508 1242 editione
533 1178 609 1241 istas
637 1175 755 1263 dapes,
781 1197 870 1261 quas
884 1177 978 1242 nobis
998 1179 1032 1244 iu
1056 1173 1233 1265 specimine

262 1278 428 1373 apposuit,
449 1304 559 1348 omnes
576 1282 618 1347 de
630 1276 734 1348 coena
752 1292 932 1359 removeat,
951 1285 1106 1371 insipidas
1121 1306 1233 1352 omnes

258 1404 291 1459 et
315 1395 481 1459 nocituras
502 1394 599 1459 etiam
629 1394 816 1469 nomtullas‚
846 1414 890 1458 ac
914 1396 1038 1482 primus
1065 1404 1232 1460 auctorem

261 1496 529 1569 Graecum'uobis
552 1503 627 1566 edat
646 1506 809 1588 apparatu
828 1520 903 1567 vere
921 1506 1043 1567 critico
1061 1514 1230 1581 omatum‚

150 1664 152 1669 .
259 1628 327 1698 quo
349 1611 506 1675 iudicium
519 1604 603 1683 'acui
624 1620 657 1673 et
680 1613 821 1673 exerceri
841 1611 941 1695 possit
968 1621 1003 1674 et
1024 1611 1156 1674 iuvenes
1176 1632 1232 1697 ge·

257 1739 391 1785 nemeae
417 1716 534 1785 indolis
565 1716 607 1782 ad
636 1738 747 1785 senam
777 1720 924 1783 criticam
938 1716 1151 1795 'excitentur.‚
1165 1720 1243 1784 riri.

260 1830 351 1895 docti
373 1832 431 1917 qui
450 1849 545 1893 nunc
557 1828 649 1892 istam
669 1828 881 1915 farraginem,
905 1851 979 1915 qua.
992 1829 1088 1893 facile
1104 1837 1240 1903 carent*

260 1940 428 2026 negligunt
451 1948 483 2001 et
513 1946 740 2014 contemnunt,
774 1937 911 2001 subease'
929 1939 964 2001 in
992 1937 1042 2001 liis
1067 1935 1248 2021 praeclare

262 2045 404 2111 subsidia
434 2046 614 2131 intelligant
645 2044 766 2131 quibus
794 2065 882 2130 quae
909 2044 1020 2132 irrepta
1048 2046 1110 2110 sint
1136 2056 1246 2131 atque*

263 2153 406 2219 absurdo
428 2153 471 2218 ad
493 2174 588 2219 sanae
615 2156 729 2219 mentis
748 2154 988 2241 simplicitatem
1015 2165 1049 2218 et
1073 2157 1246 2220 ramalem«

264 2262 356 2326 haud
383 2261 492 2326 lellaci
517 2263 639 2327 iudicio
668 2262 790 2348 possint
815 2262 939 2327 reduci.
981 2262 1107 2344 Quibus
1133 2261 1248 2327 modis

161 2453 165 2465 ι
262 2366 409 2459 peccare
429 2369 561 2435 soleant
578 2371 699 2435 librarii
720 2382 842 2437 veteres
862 2392 930 2437 non
952 2373 987 2435 in
1006 2372 1239 2458 singulia‘sori·

263 2474 428 2566 ptoribus,
461 2500 545 2565 quos
564 2499 631 2543 uon
656 2500 700 2543 eo
721 2481 1038 2565 consiliolegimum·
1061 2478 1244 2560 admo·-

264 2589 400 2653 tendum
408 2608 427 2665 ,.·
449 2588 510 2652 sed
539 2587 819 2672 quemadmodum
850 2587 969 2651 tirones
997 2584 1119 2649 hebent
1136 2582 1238 2651 {unde

265 2698 375 2785 prima·
393 2697 572 2760 Literarum
592 2694 748 2759 elementa
769 2697 896 2760 discant
914 2698 966 2759 sie·
979 2694 1095 2759 futuris
1108 2696 1237 2776 ‘mitius

266 2815 355 2869 certe
378 2802 571 2869 emendandi
592 2797 803 2868 fundamenlu
830 2825 869 2868 ex
894 2802 1149 2891 palaeogrupbia
1175 2824 1238 2890 pa·

266 2912 369 2979 reuda
391 2922 482 2988 sunt,
507 2910 627 2998 quibus
646 2912 670 2974 si
691 2930 767 2974 usus
784 2920 817 2974 et
837 2914 1024 2977 exercitatio
1043 2914 1080 2975 iu
1100 2911 1246 2998 legendo·

268 3040 310 3086 ac
328 3020 503 3107 relegendo
523 3022 647 3107 optimo
668 3038 804 3107 quoque
822 3030 966 3084 veterum
983 3020 1153 3085 accesserit
1171 3041 1249 3083 nom

267 3126 497 3194 desiderabunt
529 3126 735 3191 librariorum
763 3126 873 3189 sordes
901 3137 937 3190 ut
967 3128 1134 3193 manifesta
1161 3131 1239 3195 iilia

267 3236 442 3305 manifestis
459 3233 738 3299 emendationibus
755 3234 880 3297 tollant.
914 3232 1246 3320 Quicumque-Bauli.

269 3348 391 3433 scripta
415 3344 505 3409 novit
532 3362 601 3407 non
628 3341 740 3406 iisdem
760 3341 883 3427 quibus
907 3343 1023 3427 vulgus
1042 3344 1248 3411 eruditorum

267 3455 371 3519 oculis
402 3452 555 3517 codicum
584 3450 758 3535 scriptores
790 3457 822 3510 et
853 3448 1041 3513 criticorum
1069 3454 1245 3517 suitentias

269 3572 418 3649 spectare
438 3558 528 3623 solet.
562 3554 604 3619 tr
625 3556 751 3619 Bestius
773 3563 877 3617 certas
897 3557 1025 3641 regulas
1041 3569 1074 3622 et
1091 3561 1240 3644 praeda.

270 3689 323 3733 ras
346 3667 583 3733 observationes
602 3664 710 3729 nescio
729 3684 797 3748 quo
815 3661 927 3726 iudicii
947 3684 1056 3729 errore
1069 3668 1108 3733 iu
1128 3668 1246 3733 futilis·

271 3778 356 3842 simis
370 3774 584 3863 scriptoribus·
594 3792 782 3860 expromere
798 3783 1021 3840 consueveram
1049 3774 1123 3843 Nou
1137 3777 1242 3840 minus

271 3908 348 3954 vera
370 3906 410 3950 ac
431 3895 525 3951 ,certa
554 3882 668 3949 summi
697 3879 819 3969 critici,
844 3879 999 3965 imprimis
1019 3880 1135 3969 Angli,
1158 3903 1242 3968 quos

273 3997 391 4085 passim
413 4016 569 4085 agnosces
594 3995 627 4060 in
653 3991 823 4059 codicibus
845 3991 989 4079 legendis
1016 4012 1081 4059 esse
1104 3992 1244 4089 multum
