3100 4942
805 552 852 623 68

324 761 481 834 habemus
499 766 707 830 confitentem
730 787 763 828 se
785 787 873 851 qaae
895 769 935 829 in
957 768 1102 852 antiquo
1123 767 1238 832 codice
1258 773 1308 835 ai·

326 880 426 942 clarat
455 877 589 940 lacunis
621 877 758 940 hiantia
797 879 1000 939 continuata
1034 878 1191 940 oratioue
1219 899 1303 962 per·

331 988 528 1072 scripsisse,
555 987 632 1071 quia
652 986 741 1048 nulla
761 1006 834 1071 spes
853 994 1018 1068 supererat
1035 984 1103 1047 sore
1118 994 1155 1046 ut
1174 985 1306 1056 aliunde

331 1097 569 1180 supplerentur.
589 1096 630 1156 At
649 1095 728 1157 nihil
745 1096 822 1158 mali
841 1106 949 1158 tamen
958 1093 1016 1156 sibi
1028 1094 1135 1157 tacere
1152 1092 1322 1157 ridebam·

330 1212 383 1264 tur
406 1203 526 1288 stupidi
547 1201 706 1277 homines,
733 1225 835 1286 quum
858 1202 976 1263 multos
999 1201 1153 1264 locossic
1173 1203 1207 1265 iu
1229 1224 1305 1287 per·

330 1323 465 1398 potuum
504 1311 755 1396 pessumdarent.
803 1311 849 1374 Er
882 1310 931 1372 his
959 1310 1037 1372 locis
1073 1309 1127 1371 alii
1158 1310 1202 1373 ita
1235 1319 1309 1373 sunt

332 1420 510 1505 comparati
522 1466 532 1508 t
556 1426 591 1480 ut
611 1427 770 1480 attentum
787 1417 1064 1479 lectoremlallerc
1079 1435 1146 1479 non
1163 1418 1302 1501 possint,

329 1528 382 1589 alii
402 1530 468 1590 sine
487 1527 671 1590 melioribus
690 1528 780 1590 libris
799 1547 924 1611 semper
943 1519 1194 1610 nos’decipient.
1230 1527 1308 1590 Pro·

332 1637 432 1700 feram
451 1638 597 1721 exempla
616 1637 783 1722 utriusque
804 1635 946 1722 generis.
972 1655 1058 1719 quae
1081 1634 1189 1699 adhuc
1208 1636 1308 1699 latue-

330 1757 416 1807 runt.
463 1743 502 1807 lu
534 1743 758 1827 Xenophontis
788 1744 959 1806 Hellenicis
990 1742 1051 1805 111.
1081 1746 1112 1804 2.
1143 1746 1200 1810 27.
1230 1744 1307 1807 edit.

222 1821 235 1852 ἦ
273 1879 274 1882 ’
333 1856 427 1918 Dind.
455 1856 605 1941 legimus:
631 1855 797 1942 Δρονμένής
823 1851 858 1917 δὲ
882 1861 934 1927 τῆς
961 1855 1064 1942 χώρας
1088 1851 1137 1916 καὶ
1159 1856 1246 1929 οὔσης
1263 1861 1314 1927 τῆς

336 1975 462 2054 ςρατιοῖς
488 1963 553 2054 περὶ
586 1963 738 2038 Κυλλήνην
770 1963 939 2051 βουλόμενοι
976 1963 1001 2027 οἳ
1038 1960 1102 2052 περιΙ
1127 1960 1228 2028 Ξενίαν
1266 1963 1314 2028 τόν

335 2071 485 2160 λεγόμενον
512 2069 641 2161 μεδίμνῳ
668 2073 937 2162 ἀπομετρήσασθαι
965 2067 997 2133 τό
1021 2070 1105 2162 παρὰ
1128 2077 1177 2136 τοῦ
1202 2072 1312 2164 πατρὸς

337 2184 473 2274 ἀργύριον
510 2181 551 2248 δι’
584 2183 681 2248 αὐτῶν
720 2191 932 2275 προσχωρῆσαι
969 2185 1028 2254 τοῖς
1069 2180 1312 2269 Λακεδαιμονίοις

336 2292 503 2364 ἐκπεσόντες
534 2291 566 2370 ἐξ
600 2293 689 2366 οἰκίαις
722 2291 790 2384 ξίρή
819 2298 934 2382 ἔχοντες
970 2293 1090 2383 σφαγὰς
1122 2299 1231 2358 ποιοῦσι
1263 2293 1313 2358 καὶ

336 2402 440 2477 ἄλλους
463 2405 494 2466 τί
518 2425 595 2476 τινας
620 2401 816 2466 ἀποκτείνουσι
839 2400 889 2466 καὶ
911 2403 1003 2489 ὅμοιόν
1026 2425 1091 2465 τινα
1112 2400 1312 2494 Θρασυδαίῳ.

333 2503 439 2572 Arena
464 2511 529 2570 sine
553 2509 654 2570 calce.
691 2509 730 2571 ln
752 2510 877 2593 optimo
900 2508 1030 2583 codice,
1055 2530 1154 2594 quem
1174 2510 1316 2576 Venetiis

335 2619 474 2688 excrrssi,
501 2617 582 2679 haec
600 2618 642 2678 ita
660 2618 781 2703 scripta
799 2628 890 2682 sunt:
913 2617 1077 2707 βουλόμενοι
1093 2619 1118 2684 οἱ
1134 2619 1199 2710 περὶ
1215 2620 1318 2686 Ξενίαν

340 2727 545 2815 τὸλεγόμενον
572 2724 702 2816 μεδίμνῳ
732 2730 998 2821 ἀναμετρήσασθαι
1021 2732 1175 2823 τάργύριον
1201 2730 1318 2796 πολλῶν

339 2847 425 2902 παῖσα
451 2833 606 2906 ἐνεπλήσθη
638 2840 655 2907 ἡ
686 2845 810 2932 ςρατιοί.
839 2842 1073 2933 συσπειραθέντες
1095 2838 1133 2906 δέ
1162 2865 1232 2916 τινες
1257 2850 1317 2907 τῶν

339 2945 464 3012 Ἠλείων
493 2945 543 3011 καί
569 2948 640 3040 περί
668 2973 731 3016 τινα
756 2951 938 3028 συνελθόντες
971 2952 1061 3016 οἰκίαν
1089 2948 1258 3026 ἐκπεσόντες
1284 2974 1317 3015 τε

307 3063 311 3070 “
341 3056 373 3137 ἕξ
394 3057 483 3131 αι’ντής
506 3058 624 3150 σφαγὰς
643 3064 753 3124 ποιοῦσι
773 3060 834 3126 κτὲ.
856 3061 946 3125 vides
962 3062 1098 3124 lacinias
1120 3061 1183 3123 loci
1205 3061 1317 3124 misere

340 3167 451 3230 habiti.
495 3166 641 3252 Apparet
673 3188 712 3229 ex
747 3170 956 3254 sequentibus
988 3170 1090 3231 multa
1122 3167 1314 3230 desiderari:

340 3277 462 3340 librarii
496 3285 532 3340 ut
572 3275 662 3360 apud
692 3274 904 3342 Plutarchum
933 3281 1013 3344 κατὰ
1045 3279 1193 3364 συνέχειαν
1229 3279 1319 3367 ἔγρα·

345 3390 406 3478 ψαν
439 3389 478 3452 τὰ
507 3384 695 3451 διαλείποντα
727 3398 758 3449 ct
793 3390 900 3451 omnia
931 3390 999 3452 sinc
1032 3389 1099 3450 ullo
1128 3388 1322 3449 lacunarum

343 3498 464 3566 indicio
487 3507 604 3560 temere
627 3497 868 3561 continuarunt.
902 3497 1002 3561 Aliud
1024 3495 1206 3580 exemplum
1226 3493 1318 3557 dabit

347 3609 510 3672 Lucienus
529 3607 562 3668 in
580 3607 763 3669 suavissimo
781 3607 863 3670 libro
883 3606 924 3668 de
940 3606 1070 3669 historia
1087 3601 1323 3668 conscribenda

348 3741 373 3802 p
405 3715 458 3777 43.
482 3719 677 3804 σεμνυνόμενοι
699 3717 816 3804 μα’λιςα
838 3714 884 3782 ε’πὶ
899 3719 965 3790 ταῖς
985 3714 1157 3809 ἐπιγραφαῖς
1166 3710 1246 3799 ,καί
1263 3713 1325 3802 γὰρ’

352 3817 390 3891 αὖ
413 3821 462 3888 καὶ
486 3819 572 3891 αὗται
597 3825 774 3914 παγγελοιοι.
801 3831 851 3891 τοῦ
876 3823 969 3901 δεῖνος
991 3827 1146 3920 Παρθικῶν
1167 3830 1253 3888 νικῶν
1274 3847 1324 3886 το·

355 3933 446 4000 σοίδε.
467 3932 516 3997 καί
537 3926 574 3997 αὖ
585 3930 741 4024 Παρθίδος
759 3941 873 4025 πρῶτον
880 3988 893 4020 ,
913 3933 1048 4028 δεύτερον
1056 3988 1071 4022 ‚
1089 3935 1135 4008 ὡς
1151 3930 1327 4006 Ἀτθίδος

353 4042 535 4114 δηλονότι
563 4041 660 4127 (haec
679 4041 835 4108 additicia
857 4042 1033 4131 videntur).
1057 4043 1148 4119 ἄλλος
1168 4043 1328 4132 ἀτειότερον·
