3100 4942
812 575 860 650 62

502 797 598 870 καλῶς
619 795 753 887 περήκεν.
778 794 828 859 καί
850 795 911 886 γάρ
933 797 954 860 ά
978 799 1054 862 κύων
1076 792 1138 862 κυνὶ

500 902 641 977 καλλιςον
664 906 738 991 εἶμεν
760 904 890 996 φαίνεται
913 902 961 968 καὶ
984 902 1052 989 βοὺς
1075 902 1148 994 βοΐ,

498 1016 557 1086 ὅνος
579 1012 608 1078 δ’
631 1017 685 1102 ὄνῳ
707 1013 867 1097 κάλλιςον,
889 1006 921 1086 ὗς
941 1008 977 1076 δέ
999 1012 1048 1086 θην
1069 1010 1111 1076 tt.

382 1121 441 1206 ἁμέ
470 1122 503 1184 in
534 1124 640 1208 primo
673 1145 766 1186 versu
799 1121 956 1184 Ahrensio
988 1120 1145 1198 debetur,
1175 1135 1317 1192 extrema

341 1231 465 1292 correxi
488 1252 525 1293 er
549 1230 648 1293 codd.
667 1231 701 1294 in
720 1231 768 1294 his
787 1231 885 1315 igitur
906 1227 1004 1301 καλῶς
1027 1230 1150 1320 περήκευ
1168 1231 1314 1319 ineptum

339 1347 401 1411 est,
428 1339 506 1423 quia
528 1338 626 1414 καλῶς
652 1341 803 1428 πεφυκέναι
826 1347 857 1398 et
880 1338 1021 1423 γεγονέναι
1046 1337 1089 1398 ad
1113 1339 1315 1403 nobilitatem

339 1448 480 1530 generis,
505 1467 570 1510 non
597 1447 640 1510 ad
661 1449 783 1510 formae
805 1447 1035 1531 praestantiam
1055 1445 1208 1510 refertur:
1233 1450 1313 1511 sori·

339 1551 482 1617 bendum
499 1567 568 1618 erat
586 1555 683 1630 καλὼς
705 1555 839 1646 neptim.
864 1552 955 1614 Idem
971 1557 1069 1634 posita
1088 1552 1167 1616 ibid.
1185 1553 1246 1618 III.
1262 1555 1312 1620 10.

385 1662 417 1726 αι’
438 1663 502 1728 ποτ’
525 1667 641 1754 ἀριθμόν
663 1691 705 1742 τις
728 1667 886 1759 περισσόν,
910 1663 941 1727 αι’
962 1660 997 1728 δὲ
1019 1661 1070 1748 λῇς
1093 1662 1141 1727 τὸν
1162 1669 1258 1742 ἄρτιον

385 1773 522 1859 ποτθέμεν
545 1776 580 1862 λῇ
602 1777 698 1868 ψάρον
719 1777 737 1846 ἢ
760 1773 810 1840 καὶ
833 1775 887 1838 τάν
908 1770 1106 1865 ὑπάρχουσαν
1124 1770 1241 1856 λαβεῖν.

380 1882 616 1964 Laborantibus
635 1884 754 1947 ultimis
771 1881 1002 1967 simplicissima
1023 1881 1224 1943 correctione
1242 1883 1314 1946 sub·

336 1991 437 2054 veniri
459 2002 564 2076 potest
589 1992 780 2055 scribendo:
795 2000 864 2056 ,τάν
887 1988 1073 2079 ὑπαρχοισάν
1094 1988 1207 2074 λαβεῖν.
1250 1990 1312 2074 Py-

337 2096 488 2183 thagoras
503 2098 592 2160 iubet
610 2099 699 2184 apud
722 2099 814 2182 Diog,
836 2097 942 2160 Laert.
967 2097 1056 2161 VIII.
1074 2098 1128 2162 33.
1150 2097 1314 2187 καθαρεύειν

339 2207 400 2268 ἀπό
421 2231 452 2272 τε
474 2204 579 2280 κήδους
608 2205 657 2269 καὶ
685 2207 789 2292 λέχους
818 2203 868 2268 καῖ
897 2207 1063 2290 μιάσματος
1091 2209 1220 2292 παντός,
1253 2210 1310 2271 ubi

336 2313 422 2400 λέχος
444 2315 485 2376 δε
506 2315 682 2377 concubitu
705 2313 884 2398 accipiunt.
920 2311 993 2374 Non
1016 2312 1103 2376 cadit
1125 2334 1162 2376 aa
1190 2315 1310 2378 insania

334 2421 368 2484 in
391 2422 494 2484 virum
521 2421 826 2504 prudentissimum,
850 2419 909 2503 qui
936 2420 1005 2503 ipse
1027 2439 1044 2482 ε
1067 2420 1185 2488 dilecta
1212 2446 1311 2488 uxore

333 2528 442 2612 plures
473 2527 591 2591 liberos
621 2539 817 2613 susceperat.
861 2526 1064 2612 Legendum:
1099 2527 1215 2619 λεχοῦς.
1255 2534 1310 2598 Sic

332 2637 540 2721 superstitiosi
563 2638 653 2722 apud
683 2636 941 2721 Theophrastum
977 2634 1058 2720 Cap.
1079 2638 1173 2703 XVII
1194 2642 1311 2704 nolunt

334 2745 394 2812 οὔτ’
417 2746 463 2811 ἐπὶ
485 2746 600 2838 νεκρὸν,
624 2747 683 2811 οὔτ’
706 2744 752 2812 ἐπὶ
779 2745 861 2832 λεχὼ
888 2742 987 2809 ε’λθεῖν.
1036 2746 1144 2833 Longe
1171 2751 1307 2814 maiores

335 2857 430 2918 etiam
451 2855 560 2918 turbas
580 2856 670 2918 dedit
693 2865 848 2918 accentus
867 2863 1009 2918 mutatus
1024 2855 1058 2916 in
1079 2855 1245 2920 Athenaeo
1264 2855 1303 2922 V.

333 2986 367 3047 p.
401 2963 478 3028 203.
510 2963 739 3056 ε’ςερανώὲνήσαν
772 2961 802 3028 δ’
836 2960 865 3027 ἐν
895 2969 937 3051 τῷ
966 2963 1057 3049 ἀγῶνι
1089 2962 1138 3028 καῖ
1171 2972 1304 3058 ςεράνοις

334 3076 456 3165 χρυσοῖς
478 3074 576 3138 ε’κοσι.
610 3074 791 3161 Πτολεμαῖος
811 3070 841 3137 δ’
862 3074 877 3137 ὁ
896 3079 1012 3163 πρῶτος
1029 3072 1079 3138 καὶ
1097 3077 1229 3166 Βερενίκη
1256 3078 1302 3142 εἴ·

335 3207 420 3247 κοσι
457 3182 581 3272 τρισὶν
614 3183 658 3275 ἐφ’
692 3186 837 3276 ἁρμάτων
871 3192 993 3272 χρυσῶν
1025 3183 1074 3247 καὶ
1106 3184 1244 3270 τεμένεσιν
1275 3185 1303 3252 ἒν

325 3289 479 3379 ’Δωδώνῃ
503 3301 534 3352 et
555 3312 630 3353 mox
653 3293 785 3353 iterum:
814 3293 829 3355 ὁ
855 3290 891 3357 δὲ
919 3292 1093 3383 φιλάδελφος
1122 3286 1304 3380 Πτολεμαῖος

335 3401 392 3475 υἱὸς
421 3402 518 3466 αὐτῶν
547 3423 559 3462 ε
586 3421 670 3462 κσσι
703 3401 873 3488 χρυσαῖς
905 3397 973 3464 δυσὶ
1003 3397 1055 3485 μὲν
1083 3397 1127 3490 ἐρ’
1159 3404 1302 3492 ἁρμάτων

335 3519 472 3606 χρυσῶν,
491 3510 536 3576 ἐπὶ
554 3508 590 3574 δὲ
607 3512 704 3574 κιόνων
724 3508 868 3594 ἑξαπήχει
888 3519 942 3593 μιᾷ
951 3562 963 3594 ,
985 3515 1184 3596 πενταπήχεσι
1198 3513 1281 3579 πέντε
1286 3547 1302 3599 ,-

335 3628 544 3713 τετραπήχεσιν
576 3619 619 3718 ἔξ..
666 3619 819 3704 Dispeilet
852 3618 1000 3681 tenebras
1035 3619 1204 3703 utriusque
1239 3622 1303 3687 Ioci

334 3740 449 3792 acutus
463 3731 496 3792 in
510 3727 688 3813 penultima
705 3726 793 3787 vocis
807 3724 903 3790 εἰκάσι.
929 3721 1065 3787 Statuas
1079 3747 1119 3789 ex
1137 3747 1217 3789 auro
1231 3729 1303 3792 Pto·

331 3838 489 3900 lernaeum
509 3851 540 3899 et
557 3838 727 3922 coniugem
744 3847 773 3896 et
785 3835 887 3910 fiiium
904 3833 1111 3898 Alexandrini
1129 3836 1301 3902 donarunt.

329 3945 458 4010 Addam
490 3967 590 4008 unum
621 3947 728 4007 iocum
750 3965 767 4006 a
790 3943 935 4006 Luciano
953 3945 986 4006 in
1005 3944 1306 4029 Contemplantibus

332 4076 366 4138 p.
384 4051 459 4116 510.
493 4051 631 4141 Ἀγαμαι
651 4055 810 4130 Κλωθοῦς.
827 4063 958 4143 γεννικῶς
977 4051 1028 4120 καῖ
1043 4054 1166 4140 αὐτοὺς,
1187 4049 1212 4119 ὦ
1232 4053 1301 4120 δελ·
