3100 4942
750 589 799 662 79

285 824 340 871 eos
351 804 450 893 libros
461 806 716 894 descripserunt,
738 812 760 873 e
777 808 900 896 quibus
914 831 1054 875 nuncne
1070 811 1170 875 latum
1187 816 1262 899 qui·

286 919 361 982 dem
378 938 518 1004 unguem
541 916 706 981 discedere
721 916 867 979 homines
884 916 1019 1001 quidam
1030 918 1120 981 docti
1136 918 1257 984 iubent.

285 1026 400 1111 Neque
429 1033 554 1086 tanturn
582 1024 785 1087 obscuriores
816 1024 1006 1109 scriptores,
1032 1022 1176 1112 quorum'
1196 1031 1260 1093 reri

286 1144 411 1197 tantum
440 1131 607 1195 codicese
633 1132 747 1218 paucis
776 1112 984 1219 legebantur,
1022 1146 1089 1199 tem
1122 1117 1262 1227 turpiter

282 1242 442 1327 inquinati
478 1242 766 1318 circumferuntur,
803 1263 879 1305 nam
911 1244 1147 1309 animadvertet
1180 1248 1259 1313 mibi

284 1352 418 1437 aliquis,
444 1372 531 1436 quae
554 1352 734 1437 turpissima
757 1352 834 1415 vitia
859 1356 1012 1419 sermonis
1033 1357 1168 1421 nimium
1197 1379 1259 1443 pe·

283 1460 399 1524 tienter
431 1461 575 1525 ferantur
606 1463 641 1525 in
679 1461 729 1524 his
761 1460 987 1550 Aristophanis
1017 1465 1160 1531 versibus
1194 1467 1255 1533 Ar.

280 1568 358 1636 417.
379 1592 453 1657 sqq.

474 1677 529 1767 ὁρᾷ
552 1676 585 1742 τί
603 1674 703 1771 κέρδος
724 1674 832 1745 isset·
854 1677 937 1757 ἄξιον
959 1688 1048 1768 μονῆς

475 1794 533 1879 ὅτῳ
555 1790 682 1855 πέποιθε
699 1812 746 1877 μοι
768 1788 859 1867 ξυνὼν

476 1904 641 1991 κρατεῖν
670 1900 713 1964 ἂν
743 1900 761 1970 is
792 1899 853 1965 τὸν
879 1895 1059 1993 ἐχθρόνῖι

475 2010 642 2101 φίλοισιν
674 2008 836 2101 ὠφελεῖν
867 2013 994 2096 ἔχεως

279 2118 385 2205 quid?
416 2123 552 2183 vincere
574 2120 702 2182 hostem
728 2108 877 2205 potuitne
896 2119 939 2181 ab
965 2119 1022 2183 itto
1050 2118 1116 2181 dici
1136 2120 1255 2210 κρατεῖν

279 2228 341 2294 riv
369 2228 525 2322 ἐχθρόν,
549 2238 604 2293 aut
626 2231 754 2292 amieos
775 2231 897 2291 invare
919 2231 1000 2304 τοῖς
1030 2227 1152 2320 φίλοις
1174 2230 1250 2319 dpe-

280 2338 364 2405 λεῖνΡ
387 2342 509 2405 Deinde
530 2362 591 2427 pro
615 2340 633 2409 ἢ
656 2340 772 2430 κρατεῖν
796 2346 854 2404 τῶν
880 2336 995 2431 ἐχθρῶν
1018 2337 1038 2411 tt
1061 2336 1124 2413 τοὺς
1148 2338 1249 2429 φίλους

276 2447 392 2539 ὠφελεῖν
415 2448 565 2511 licebitne
589 2448 735 2511 omittere
759 2448 949 2512 alterutrum
977 2448 1152 2512 articulum
1173 2459 1205 2512 et
1230 2450 1251 2521 s

271 2560 314 2623 ita
332 2560 491 2636 traiicere,
519 2568 554 2621 ut
573 2561 713 2655 legatur:
737 2564 854 2651 κρατεῖν
873 2561 891 2631 ἢ
912 2568 970 2627 τῶν
985 2558 1098 2654 ἐχθρῶν
1114 2558 1132 2628 ἢ
1150 2558 1250 2650 pibone

167 2729 175 2751 L
276 2667 415 2760 dpeieiv?
450 2668 514 2749 Qui
541 2667 623 2731 haec
652 2669 807 2732 inducere
839 2669 873 2732 in
904 2669 1047 2734 animum
1077 2678 1184 2755 potest
1213 2670 1249 2734 in

273 2800 484 2863 quacumque
497 2778 605 2841 aliare
617 2778 726 2842 utilius
737 2798 839 2865 quam
850 2778 884 2840 in
895 2776 1027 2841 Graecis
1037 2778 1248 2863 scriptoribus

272 2887 522 2973 interpretandis
543 2886 685 2949 studium
715 2896 746 2948 et
775 2906 910 2970 operam
937 2907 1028 2949 suam
1057 2888 1246 2954 collocabit.

272 2996 360 3078 Quid
378 2996 497 3081 igitur?
520 2996 553 3059 in
575 2994 758 3058 huiusmodi
781 2993 862 3058 locis
881 2994 956 3057 licet
976 3014 1042 3057 esse
1059 2996 1244 3081 ingeniosis,

272 3115 305 3169 et
325 3128 443 3190 parurn
463 3114 518 3168 aut
539 3104 619 3168 nihil
637 3104 781 3189 prodest.
813 3101 1021 3166 Metuendum
1039 3082 1123 3165 enirn
1142 3113 1246 3169 estne

272 3216 378 3278 ornnie
400 3216 554 3301 antiquae
575 3214 753 3300 scripturae
771 3210 892 3274 indicia
911 3219 942 3273 et
961 3209 1092 3295 vestigia
1114 3232 1246 3298 prorsus

270 3323 330 3387 sint
347 3324 468 3400 delete,
487 3324 599 3409 itaque
616 3323 649 3385 in
669 3321 718 3384 bis
735 3319 885 3384 omnibus
902 3319 1091 3383 criticorum
1104 3320 1247 3404 optimus

269 3442 315 3494 est
339 3434 447 3518 (quod
472 3432 513 3494 de
539 3430 673 3495 medicis
701 3429 782 3491 dixit
810 3427 927 3512 aliquis
954 3426 1044 3511 apud
1066 3426 1243 3491 Stobaeum

270 3541 377 3605 norit.
402 3540 472 3606 011.
491 3540 527 3629 9)
550 3543 565 3611 ὁ
589 3543 628 3607 τὰ
650 3540 766 3606 δυνατά
789 3537 839 3604 καὶ
860 3540 900 3605 τὰ
921 3537 1059 3604 ἀδύνατα
1080 3536 1242 3627 δυνάμενος

268 3647 498 3738 διαγιγνώσκειν.

310 3758 388 3848 Peg.
412 3763 466 3827 23.
503 3764 631 3828 Bonum
656 3763 807 3843 factum,
839 3762 933 3848 qnod
958 3763 1038 3826 bene
1061 3760 1162 3828 multi
1183 3782 1241 3823 sn·

263 3880 410 3953 pereant
433 3874 515 3937 libri
535 3877 679 3949 vetusti,
704 3872 1030 3959 interpolationibus
1052 3874 1132 3936 istis
1151 3870 1245 3932 anti·

268 3998 423 4060 pretores,
441 3980 530 4043 unde
542 3978 654 4065 frans
670 3988 818 4067 apparet
837 3988 870 4043 et
882 3984 962 4067 ipsa
978 3979 1161 4065 scriptoris
1173 3998 1241 4039 ma·

266 4110 333 4152 nas
353 4110 371 4152 e
388 4090 551 4175 genuinis
573 4093 738 4178 antiquae
753 4092 950 4177 scripturae
968 4090 1128 4176 reliqniis
1144 4094 1243 4151 σαντα
