3100 4942
709 502 782 575 156

280 726 374 812 quod
395 723 609 812 καταγέλαςοςτ
629 741 691 785 nec
710 721 793 785 bene
814 721 912 785 babet
927 722 965 797 εἷς
981 723 1072 799 οἴκους
1092 747 1154 812 pro
1169 730 1251 797 οἴκοι·

280 835 329 903 δε.
359 836 408 897 la.
432 834 524 921 αἰγῶν
544 836 646 925 ἔρημος
668 828 792 892 dictum
815 841 849 893 ut
875 832 969 923 ριἊων
993 836 1098 923 ἔρημος
1119 834 1253 901 bellissi-

281 966 369 1008 mum
396 953 452 1005 est.
490 942 539 1006 ts.
567 938 606 1007 ὧν
634 940 720 1015 αὐτὸς
744 940 822 1027 εἶχεν
848 938 881 1005 ἐκ
905 945 1032 1034 πρώτης.
1061 944 1148 1020 αὐτός
1173 948 1252 1010 nibil

283 1054 374 1118 addit
399 1056 589 1117 sententiae:
623 1050 656 1117 ἐκ
681 1054 821 1141 πρώτης,
847 1052 872 1113 si
900 1052 1007 1129 lubet,
1032 1055 1147 1141 accipe
1173 1077 1253 1142 pro:

282 1162 315 1242 ἐξ
337 1166 444 1255 ἀρχῆς.
480 1162 610 1225 Metrioa
632 1162 708 1225 vitia
734 1162 902 1247 graviora,
931 1182 1018 1246 quae
1049 1163 1187 1227 editores
1208 1166 1256 1228 fe·

282 1274 451 1341 fellerunt,
485 1270 568 1333 baec
589 1280 682 1333 sunt:
714 1269 781 1332 sab.
806 1271 869 1343 75,
892 1271 926 1331 2.
956 1275 1075 1338 πάντων
1097 1271 1251 1361 λεγόντων·

284 1384 326 1470 μὴ
348 1378 448 1447 δέδιθι
456 1432 469 1465 ,
492 1380 629 1467 σωθήσῃ.
656 1378 795 1441 mediam
816 1380 850 1442 in
868 1378 969 1445 δέδιθι
986 1384 1108 1470 corripi
1127 1394 1257 1469 praeter
1314 1386 1317 1391 ’

283 1502 403 1555 certam
423 1490 605 1575 analogiam
622 1489 774 1551 evincunt
793 1492 935 1552 carmina
954 1491 1099 1567 Homeri,
1120 1491 1175 1554 ubi
1194 1490 1257 1557 δεί-

283 1600 349 1667 διθι
372 1621 497 1686 semper
526 1608 570 1662 est
596 1599 755 1684 dactylus.
786 1600 820 1661 in
848 1599 913 1663 ab.
938 1600 998 1677 27,
1022 1602 1056 1664 3.
1083 1612 1135 1678 τῆς
1160 1599 1189 1666 δ’
1219 1595 1257 1667 αδ

286 1710 420 1801 λεγούσης
433 1711 472 1786 ὡς
488 1714 581 1781 κακὴν
597 1715 687 1801 χοίριν
705 1711 805 1795 τίνεις,
822 1710 982 1773 senarium
998 1711 1169 1796 babespro
1179 1712 1258 1775 oho-

285 1821 422 1896 liambo,
459 1842 534 1883 nam
566 1821 668 1906 τίνειν,
701 1819 836 1904 ἐκτίνειν,
870 1820 1011 1885 ἀποτίνειν
1045 1820 1258 1904 penultimam

287 1928 479 2011 corripiunt.
500 1928 532 1989 in
559 1928 626 1989 fab.
649 1928 709 2002 35,
732 1928 764 1989 2.
796 1932 921 1993 τεκοῦσα
941 1926 973 1992 δ’
999 1926 1097 2000 αὐτοῖς
1122 1924 1184 2001 ε’ςὶν
1208 1926 1260 1992 οὐκ

288 2038 336 2113 ἴση
361 2044 457 2127 μήτηρ
483 2038 634 2101 convellit
656 2038 746 2123 quod
770 2040 1000 2103 Lachmannus
1023 2062 1056 2123 p.
1079 2036 1156 2102 XIV
1177 2057 1260 2099 asse·

286 2157 376 2211 verat
404 2148 581 2232 »quotiens
605 2155 717 2210 autem
739 2171 859 2211 versus
880 2152 918 2211 ίκ
942 2146 1136 2233 disyllabon
1163 2166 1262 2209 voea-

288 2256 401 2319 bulum
421 2258 509 2329 exit,
529 2252 690 2317 Rubrium
710 2278 733 2316 a
750 2256 896 2343 spondeo
913 2256 1119 2318 abstinuisse
1135 2261 1262 2316 certum

288 2365 361 2427 est”
393 2383 536 2446 namque
566 2362 626 2435 ἴσος
657 2360 810 2446 producit
844 2363 999 2445 primam,
1035 2370 1264 2445 praeterquam

290 2471 380 2557 apud
397 2469 622 2542 Athenienses,'
635 2479 665 2531 et
683 2468 819 2531 Babrius
831 2470 898 2554 ipse
913 2469 1024 2530 lonice
1041 2468 1178 2554 scripsit.
1202 2467 1262 2531 Per

289 2580 353 2641 vim
366 2589 472 2640 autem
486 2577 604 2640 Bebrio
615 2579 782 2642 obtrusum
795 2590 851 2640 est.
865 2579 919 2648 57,
939 2577 971 2640 6.
990 2575 1155 2667 Ἀροιβιων,
1170 2575 1261 2661 quod

292 2686 452 2751 Graecum
473 2698 616 2763 nonest,
642 2709 702 2773 pro
725 2688 878 2781 Ἀράβων.
898 2686 956 2761 69,
981 2688 1008 2749 Ι.
1031 2688 1183 2753 λοισιόποιιν
1201 2706 1263 2772 pro

291 2794 454 2861 δασύπονν.
475 2816 519 2858 τε.
541 2797 572 2857 2.
593 2793 702 2875 ἐδίδοτ’
720 2816 781 2880 pro
796 2793 924 2860 ἐδίωκεν.
945 2794 1002 2870 42,
1016 2795 1047 2857 ὅ.
1071 2794 1184 2886 ἑξέριψε
1202 2814 1263 2879 pro

293 2902 423 2997 ἐξέρριψε
442 2913 475 2966 et
492 2924 536 2967 vs.
554 2904 684 2965 ultimo:
709 2902 737 2978 ὃς
755 2901 822 2969 οὐδὲ
837 2906 923 2995 ποίαν
942 2903 1032 2973 ἡλίων
1049 2903 1080 2991 μ’
1096 2903 1264 2992 ἐγίνωσκον,

292 3015 383 3099 quod
408 3034 474 3076 non
497 3014 601 3076 miuus
622 3013 798 3077 absurdum
820 3025 866 3076 est
888 3035 988 3098 quam
1012 3014 1109 3077 lectio
1130 3012 1263 3077 codicis.

292 3124 344 3198 73,
362 3122 608 3210 1.έχεικλοιγγήν
625 3144 684 3206 pro
703 3124 776 3209 εἶχε.
795 3124 850 3198 75,
867 3124 897 3184 3.
916 3120 971 3188 ὧδ’
986 3124 1110 3209 ἆτεχνὴς
1127 3142 1186 3205 pro
1201 3123 1266 3187 ἁτε·

295 3238 385 3317 χνής,
410 3230 501 3315 quod
529 3242 560 3293 et
586 3232 693 3317 ipsum
724 3231 899 3295 b'arbarum
922 3242 968 3295 est
990 3254 1051 3318 pro
1073 3237 1206 3317 ἄτεχνος.
1231 3232 1263 3296 7.

293 3360 396 3423 quum
415 3339 574 3423 legeretur
592 3340 626 3401 in
647 3338 779 3401 codice:
803 3338 855 3404 οὐκ
878 3336 1020 3417 ε’ξοιπατώ
1040 3365 1073 3405 σε
1095 3337 1179 3431 ρησίν
1199 3337 1263 3404 οὐδ’

295 3442 433 3539 ἐνεδρεύω
457 3447 599 3529 reposuit
622 3446 866 3510 Lachmannus:
893 3449 945 3515 οὐκ
965 3447 1065 3543 ἐξερῶ
1086 3474 1120 3514 σε
1129 3499 1142 3532 ,
1163 3446 1265 3539 cmiv,

294 3552 358 3620 οὐδ’
380 3551 556 3647 ε’νεδρεύοω,
587 3556 769 3641 turpissime
795 3578 856 3641 pro
883 3570 1059 3643 anapaesto
1086 3555 1268 3642 spondeum

296 3663 450 3738 inferens,
475 3684 549 3724 nam
572 3662 680 3752 αἐίρω,
702 3662 775 3753 αἴρω
795 3662 894 3726 διεκίνει
912 3666 1057 3728 futurum
1077 3666 1178 3756 οἷερῶ,
1197 3665 1265 3753 οίρῶ

294 3771 458 3858 producta
481 3771 584 3855 prima
605 3782 636 3833 et
657 3771 789 3858 iusuper
806 3772 904 3837 verbo
924 3772 1044 3866 ἐξαίρειν
1064 3795 1189 3837 sensum
1212 3774 1266 3836 tri·

296 3882 416 3955 bueus,
442 3897 541 3967 quem
563 3902 671 3967 usque
693 3880 808 3945 habuit
826 3905 983 3968 umquam
1002 3904 1064 3946 nee
1083 3882 1190 3970 potuit
1208 3882 1267 3946 ha·

296 3990 383 4055 bore.
423 3987 530 4055 Satius
560 4000 626 4054 erat
649 3990 690 4055 ab
720 3990 850 4056 Graecis
878 3991 1089 4079 scriptoribus
1113 3989 1270 4055 abstinere
