3100 4942
659 426 663 439 ‘
765 476 838 551 112

312 696 509 786 apographis
539 696 579 758 sit
607 696 770 781 repertum
804 695 944 780 expulsis
975 694 1057 759 veris
1090 694 1284 760 lectionibus

314 806 433 892 cupide
455 803 656 888 recipientes.
691 801 773 864 Sunt
794 802 854 887 qui
872 802 1098 865 difficillimum
1119 823 1284 889 quemque

311 914 452 1000 primum
474 909 645 993 arripiant,
669 918 791 973 veteres
812 910 921 973 sordes
943 910 1057 973 sedulo
1077 920 1231 974 revocent
1255 919 1288 973 et

313 1018 482 1084 subitarias
504 1017 659 1080 editiones
681 1027 849 1103 tamquam
869 1038 931 1080 ova
955 1016 1044 1079 irrita
1071 1016 1200 1104 parient
1226 1038 1285 1103 op·
1355 1089 1358 1094 ¹

313 1139 430 1219 paratu
454 1128 564 1213 aliquo
581 1131 703 1193 critico
720 1138 883 1202 oneratus,
905 1128 938 1191 in
956 1147 1024 1213 quo
1043 1127 1123 1189 locis
1141 1125 1287 1190 obscuris

313 1260 352 1303 ec
375 1236 557 1324 depravatis
579 1255 646 1299 non
668 1244 794 1300 tantum
815 1234 894 1297 nihil
916 1255 1021 1298 novae
1042 1235 1114 1320 opis
1131 1234 1283 1311 afferent,

314 1348 369 1411 sed
392 1343 589 1409 contendant
611 1343 706 1405 etiam
729 1342 810 1406 nihil
833 1363 1031 1429 magnopere
1051 1343 1085 1405 in
1107 1342 1144 1404 iis
1166 1342 1285 1414 inesse,

314 1452 481 1539 qusquis
507 1452 577 1514 iure
603 1450 722 1513 offendi
746 1451 857 1536 possit.
896 1450 972 1517 Vidi
1003 1452 1061 1537 qui
1083 1451 1117 1515 in
1139 1450 1290 1536 Aeschyli

314 1559 544 1627 Eumenidibus
567 1580 692 1624 versum
716 1559 780 1625 727
801 1580 851 1644 sq.
1103 1561 1107 1568 ’

505 1668 541 1733 σύ
565 1692 607 1733 τοι
629 1665 758 1741 παλαιὰς
781 1664 921 1754 delitesce
942 1668 1129 1759 καταφθίσας

505 1776 569 1865 οἴνῳ
592 1778 810 1868 παρηπάτησας
832 1776 963 1865 ἀρχαίας
986 1778 1075 1850 θεάς.

318 1896 424 1974 spreta
444 1886 630 1949 criticorum
651 1885 845 1948 auctoritate
862 1885 902 1949 ab
919 1888 1007 1949 omni
1023 1885 1097 1950 labe
1115 1886 1289 1951 immunem

317 2014 382 2059 esse
410 1991 618 2058 contenderet
649 2001 679 2055 et
703 1990 799 2054 facile
828 1993 982 2077 explicari
1008 2013 1111 2079 posse.
1146 1994 1291 2078 Reperta

317 2104 462 2168 nuncin
489 2101 603 2165 codice
631 2102 791 2167 Vaticano
816 2102 941 2189 (Schol.
968 2105 1009 2167 ad
1038 2106 1149 2189 Eurip.
1173 2106 1292 2168 Alcest.

317 2236 363 2279 vs.
390 2211 443 2297 12)
471 2232 544 2275 vera
569 2212 665 2275 lectio
694 2210 837 2297 διανομάς
859 2211 1003 2275 declarat
1026 2214 1138 2297 quales
1160 2212 1222 2276 sint
1243 2212 1294 2273 iu-

320 2320 418 2385 dices.
453 2320 498 2383 De
519 2320 680 2405 Aeschylo
709 2321 786 2383 elias
808 2319 963 2383 dicemus.
997 2318 1081 2383 illato
1111 2320 1200 2404 prius
1226 2320 1293 2383 Lu·

320 2428 413 2491 ciano
435 2446 640 2501 succurrere,
656 2405 724 2511 *qui
750 2424 841 2488 haud
863 2426 905 2488 ita
930 2425 1057 2510 pridem
1076 2428 1119 2490 ad
1142 2428 1296 2492 codicum

320 2518 538 2619 quorumdam
560 2534 659 2596 fidem
680 2544 812 2596 exactus
834 2542 899 2594 tem
921 2534 1005 2595 mele
1023 2534 1152 2600 habitus
1172 2536 1294 2623 prodiit
1344 2595 1353 2607 ,

323 2651 358 2729 ut
378 2642 473 2727 plura
493 2662 576 2705 nova
596 2644 726 2705 vulnera
748 2643 776 2704 ei
794 2641 917 2704 inflicta
936 2663 1036 2726 quam
1055 2654 1162 2707 vetera
1180 2652 1292 2707 sanata

323 2750 466 2839 credam.
494 2750 689 2814 lacobitzius
709 2752 807 2824 enim,
831 2749 888 2833 qui
907 2747 992 2811 hanc
1008 2753 1147 2838 suscepit
1168 2752 1297 2837 provin·

324 2857 426 2934 ciam,
452 2880 554 2943 quum
573 2880 639 2922 non
660 2860 734 2921 satis
755 2859 788 2920 in
811 2857 941 2920 Graecis
963 2858 1060 2923 literis
1086 2870 1165 2924 esset
1189 2879 1296 2922 versa·

324 2974 375 3029 tus
414 2974 449 3027 ut
491 2963 610 3051 probes
649 2964 802 3026 lectiones
834 2983 853 3025 a
886 2962 1070 3047 depravatis
1104 2966 1298 3052 distinguere

320 3083 451 3159 posset,
482 3074 560 3136 elios
582 3074 723 3157 recepit,
753 3070 948 3157 improbavit
971 3073 1066 3149 alies,
1094 3082 1129 3135 ut
1151 3092 1244 3135 casus
1265 3079 1296 3133 et

326 3180 457 3243 fortuna
489 3180 635 3245 ferebant
664 3181 762 3243 modo
794 3179 934 3266 optimas
963 3180 1113 3244 codicum
1134 3177 1303 3243 ‘lectiones

324 3286 540 3375 incogitanter
560 3308 728 3373 spernens.
755 3288 853 3352 modo
876 3272 1027 3373 pessimos
1053 3289 1200 3374 imperite
1222 3309 1301 3375 pro·

325 3394 423 3475 bans,
449 3407 484 3461 ut
505 3418 601 3483 saepe
623 3398 793 3483 suspiceris
814 3418 889 3460 eum
910 3417 978 3459 non
1005 3397 1107 3483 magis
1131 3419 1232 3484 quem
1258 3395 1298 3458 li·

325 3503 449 3569 brarios
476 3507 635 3593 quosdam
664 3516 786 3571 veteres
808 3504 998 3568 intellexisse
1027 3504 1110 3591 quid
1134 3505 1300 3569 scriberet.

224 3635 228 3644 ·
328 3613 436 3693 Quum
463 3616 531 3700 ipse
561 3616 594 3678 in
626 3615 719 3678 ltalia
752 3614 882 3679 codices
913 3613 1039 3699 aliquot
1069 3612 1202 3675 Luciani
1235 3635 1301 3676 non

327 3720 394 3783 sine
425 3722 536 3785 fructu
566 3722 758 3785 excusserim
788 3732 861 3785 utar
889 3719 953 3782 hac
981 3721 1172 3791 occasione,
1205 3729 1240 3782 ut
1264 3721 1299 3784 in

328 3827 440 3914 aliquo
460 3830 593 3896 Lucieni
615 3831 698 3894 libro
720 3830 886 3895 ostendam
909 3837 1069 3915 quantum
1090 3828 1125 3892 in
1144 3828 1199 3891 illo
1221 3829 1301 3892 scri-

327 3944 422 4021 ptore
443 3938 604 4024 agendum
626 3938 762 4023 supersit
785 3944 816 4001 et
839 3957 938 4023 quam
955 3936 1058 4003 levem
1077 3944 1108 4000 et
1127 3936 1300 3999 tumultua-
